%% This BibTeX bibliography file was created using BibDesk.
%% http://bibdesk.sourceforge.net/

%% Created for Spencer Smith at 2019-09-16 15:05:41 -0400 


%% Saved with string encoding Unicode (UTF-8) 



@article{IoannidisEtAl2009,
	Author = {Ioannidis, John PA and Allison, David B and Ball, Catherine A and Coulibaly, Issa and Cui, Xiangqin and Culhane, Aed{\'\i}n C and Falchi, Mario and Furlanello, Cesare and Game, Laurence and Jurman, Giuseppe and others},
	Date-Added = {2019-09-16 15:05:26 -0400},
	Date-Modified = {2019-09-16 15:05:26 -0400},
	Journal = {Nature genetics},
	Number = {2},
	Pages = {149--155},
	Publisher = {Nature Publishing Group},
	Title = {Repeatability of published microarray gene expression analyses},
	Volume = {41},
	Year = {2009},
	Bdsk-File-1 = {YnBsaXN0MDDSAQIDBFxyZWxhdGl2ZVBhdGhZYWxpYXNEYXRhXxAVSW9hbm5pZGlzRXRBbDIwMDkucGRmTxEBmAAAAAABmAACAAAMTWFjaW50b3NoIEhEAAAAAAAAAAAAAAAAAAAAAAAAAEJEAAH/////FUlvYW5uaWRpc0V0QWwyMDA5LnBkZgAAAAAAAAAAAAAAAAAAAAAAAAAAAAAAAAAAAAAAAAAAAAAAAAAAAAAAAP////8AAAAAAAAAAAAAAAAAAQACAAAKIGN1AAAAAAAAAAAAAAAAABFSZWZlcmVuY2VNYXRlcmlhbAAAAgBDLzpVc2VyczpzbWl0aHM6UmVwb3M6Y2FzNzQxOlJlZmVyZW5jZU1hdGVyaWFsOklvYW5uaWRpc0V0QWwyMDA5LnBkZgAADgAsABUASQBvAGEAbgBuAGkAZABpAHMARQB0AEEAbAAyADAAMAA5AC4AcABkAGYADwAaAAwATQBhAGMAaQBuAHQAbwBzAGgAIABIAEQAEgBBVXNlcnMvc21pdGhzL1JlcG9zL2Nhczc0MS9SZWZlcmVuY2VNYXRlcmlhbC9Jb2FubmlkaXNFdEFsMjAwOS5wZGYAABMAAS8AABUAAgAN//8AAAAIAA0AGgAkADwAAAAAAAACAQAAAAAAAAAFAAAAAAAAAAAAAAAAAAAB2A==}}

@article{CrickAndHall2014,
	Author = {Tom Crick and Benjamin A. Hall and Samin Ishtiaq},
	Bibsource = {dblp computer science bibliography, http://dblp.org},
	Biburl = {http://dblp.uni-trier.de/rec/bib/journals/corr/CrickHI14},
	Date-Added = {2019-09-16 15:05:10 -0400},
	Date-Modified = {2019-09-16 15:05:10 -0400},
	Journal = {CoRR},
	Timestamp = {Fri, 01 Aug 2014 13:50:01 +0200},
	Title = {``{C}an {I} Implement Your Algorithm?'': {A} Model for Reproducible Research Software},
	Url = {http://arxiv.org/abs/1407.5981},
	Volume = {abs/1407.5981},
	Year = {2014},
	Bdsk-File-1 = {YnBsaXN0MDDSAQIDBFxyZWxhdGl2ZVBhdGhZYWxpYXNEYXRhXxAUQ3JpY2tBbmRIYWxsMjAxNC5wZGZPEQGSAAAAAAGSAAIAAAxNYWNpbnRvc2ggSEQAAAAAAAAAAAAAAAAAAAAAAAAAQkQAAf////8UQ3JpY2tBbmRIYWxsMjAxNC5wZGYAAAAAAAAAAAAAAAAAAAAAAAAAAAAAAAAAAAAAAAAAAAAAAAAAAAAAAAAA/////wAAAAAAAAAAAAAAAAABAAIAAAogY3UAAAAAAAAAAAAAAAAAEVJlZmVyZW5jZU1hdGVyaWFsAAACAEIvOlVzZXJzOnNtaXRoczpSZXBvczpjYXM3NDE6UmVmZXJlbmNlTWF0ZXJpYWw6Q3JpY2tBbmRIYWxsMjAxNC5wZGYADgAqABQAQwByAGkAYwBrAEEAbgBkAEgAYQBsAGwAMgAwADEANAAuAHAAZABmAA8AGgAMAE0AYQBjAGkAbgB0AG8AcwBoACAASABEABIAQFVzZXJzL3NtaXRocy9SZXBvcy9jYXM3NDEvUmVmZXJlbmNlTWF0ZXJpYWwvQ3JpY2tBbmRIYWxsMjAxNC5wZGYAEwABLwAAFQACAA3//wAAAAgADQAaACQAOwAAAAAAAAIBAAAAAAAAAAUAAAAAAAAAAAAAAAAAAAHR},
	Bdsk-Url-1 = {http://arxiv.org/abs/1407.5981}}

@techreport{CollbergEtAl2015,
	Address = {Tucson, AZ},
	Author = {Christian Collberg and Todd Proebsting and Alex M Warren},
	Date-Added = {2019-09-16 15:04:53 -0400},
	Date-Modified = {2019-09-16 15:04:53 -0400},
	Institution = {Department of Computer Science, University of Arizona},
	Number = {TR 14-04},
	Title = {Repeatability and Benefaction in Computer Systems Research},
	Url = {http://repeatability.cs.arizona.edu/v2/RepeatabilityTR.pdf},
	Year = {2015},
	Bdsk-File-1 = {YnBsaXN0MDDSAQIDBFxyZWxhdGl2ZVBhdGhZYWxpYXNEYXRhXxAUQ29sbGJlcmdFdEFsMjAxNS5wZGZPEQGSAAAAAAGSAAIAAAxNYWNpbnRvc2ggSEQAAAAAAAAAAAAAAAAAAAAAAAAAQkQAAf////8UQ29sbGJlcmdFdEFsMjAxNS5wZGYAAAAAAAAAAAAAAAAAAAAAAAAAAAAAAAAAAAAAAAAAAAAAAAAAAAAAAAAA/////wAAAAAAAAAAAAAAAAABAAIAAAogY3UAAAAAAAAAAAAAAAAAEVJlZmVyZW5jZU1hdGVyaWFsAAACAEIvOlVzZXJzOnNtaXRoczpSZXBvczpjYXM3NDE6UmVmZXJlbmNlTWF0ZXJpYWw6Q29sbGJlcmdFdEFsMjAxNS5wZGYADgAqABQAQwBvAGwAbABiAGUAcgBnAEUAdABBAGwAMgAwADEANQAuAHAAZABmAA8AGgAMAE0AYQBjAGkAbgB0AG8AcwBoACAASABEABIAQFVzZXJzL3NtaXRocy9SZXBvcy9jYXM3NDEvUmVmZXJlbmNlTWF0ZXJpYWwvQ29sbGJlcmdFdEFsMjAxNS5wZGYAEwABLwAAFQACAA3//wAAAAgADQAaACQAOwAAAAAAAAIBAAAAAAAAAAUAAAAAAAAAAAAAAAAAAAHR},
	Bdsk-Url-1 = {http://repeatability.cs.arizona.edu/v2/RepeatabilityTR.pdf}}

@article{Davison2012,
	Author = {A. P. Davison},
	Date-Added = {2019-09-16 15:04:17 -0400},
	Date-Modified = {2019-09-16 15:04:17 -0400},
	Journal = {Computing in Science \& Engineering},
	Month = {July-Aug},
	Number = {4},
	Pages = {48--56},
	Title = {Automated Capture of Experiment Context for Easier Reproducibility in Computational Research},
	Volume = {14},
	Year = {2012},
	Bdsk-File-1 = {YnBsaXN0MDDSAQIDBFxyZWxhdGl2ZVBhdGhZYWxpYXNEYXRhXxBALi4vLi4vLi4vV29yay9SZXNlYXJjaC9SZWZlcmVuY2VzL3JlcHJvZHVjaWJsZV9yZXNlYXJjaF9DaVNFLnBkZk8RAaYAAAAAAaYAAgAADE1hY2ludG9zaCBIRAAAAAAAAAAAAAAAAAAAAAAAAABCRAAB/////x5yZXByb2R1Y2libGVfcmVzZWFyY2hfQ2lTRS5wZGYAAAAAAAAAAAAAAAAAAAAAAAAAAAAAAAAAAAAAAAAAAAD/////AAAAAAAAAAAAAAAAAAMABAAACiBjdQAAAAAAAAAAAAAAAAAKUmVmZXJlbmNlcwACAEYvOlVzZXJzOnNtaXRoczpXb3JrOlJlc2VhcmNoOlJlZmVyZW5jZXM6cmVwcm9kdWNpYmxlX3Jlc2VhcmNoX0NpU0UucGRmAA4APgAeAHIAZQBwAHIAbwBkAHUAYwBpAGIAbABlAF8AcgBlAHMAZQBhAHIAYwBoAF8AQwBpAFMARQAuAHAAZABmAA8AGgAMAE0AYQBjAGkAbgB0AG8AcwBoACAASABEABIARFVzZXJzL3NtaXRocy9Xb3JrL1Jlc2VhcmNoL1JlZmVyZW5jZXMvcmVwcm9kdWNpYmxlX3Jlc2VhcmNoX0NpU0UucGRmABMAAS8AABUAAgAN//8AAAAIAA0AGgAkAGcAAAAAAAACAQAAAAAAAAAFAAAAAAAAAAAAAAAAAAACEQ==},
	Bdsk-Url-1 = {http://doi.ieeecomputersociety.org/10.1109/MCSE.2012.41}}

@inproceedings{SmithEtAl2019,
	Author = {Spencer Smith and Malavika Srinivasan and Sumanth Shankar},
	Booktitle = {2019 International Workshop on Software Engineering for Science (held in conjunction with ICSE'19)},
	Date-Added = {2019-09-12 16:24:36 -0400},
	Date-Modified = {2019-09-12 16:24:36 -0400},
	Pages = {1--8},
	Title = {Debunking the Myth that Upfront Requirements are Infeasible for Scientific Computing Software},
	Year = {2019},
	Bdsk-File-1 = {YnBsaXN0MDDSAQIDBFxyZWxhdGl2ZVBhdGhZYWxpYXNEYXRhXxA0Li4vLi4vc2U0c2MvV3JpdGluZy9TRTRTY2llbmNlMjAxOS9TbWl0aEV0QWwyMDE5LnBkZk8RAYwAAAAAAYwAAgAADE1hY2ludG9zaCBIRAAAAAAAAAAAAAAAAAAAAAAAAABCRAAB/////xFTbWl0aEV0QWwyMDE5LnBkZgAAAAAAAAAAAAAAAAAAAAAAAAAAAAAAAAAAAAAAAAAAAAAAAAAAAAAAAAAAAAD/////AAAAAAAAAAAAAAAAAAIABAAACiBjdQAAAAAAAAAAAAAAAAAOU0U0U2NpZW5jZTIwMTkAAgBDLzpVc2VyczpzbWl0aHM6UmVwb3M6c2U0c2M6V3JpdGluZzpTRTRTY2llbmNlMjAxOTpTbWl0aEV0QWwyMDE5LnBkZgAADgAkABEAUwBtAGkAdABoAEUAdABBAGwAMgAwADEAOQAuAHAAZABmAA8AGgAMAE0AYQBjAGkAbgB0AG8AcwBoACAASABEABIAQVVzZXJzL3NtaXRocy9SZXBvcy9zZTRzYy9Xcml0aW5nL1NFNFNjaWVuY2UyMDE5L1NtaXRoRXRBbDIwMTkucGRmAAATAAEvAAAVAAIADf//AAAACAANABoAJABbAAAAAAAAAgEAAAAAAAAABQAAAAAAAAAAAAAAAAAAAes=}}

@article{BenureauAndRougier2017,
	Adsnote = {Provided by the SAO/NASA Astrophysics Data System},
	Adsurl = {http://adsabs.harvard.edu/abs/2017arXiv170808205B},
	Archiveprefix = {arXiv},
	Author = {{Benureau}, F. and {Rougier}, N.},
	Date-Added = {2018-09-07 00:16:49 -0400},
	Date-Modified = {2018-09-07 00:16:49 -0400},
	Eprint = {1708.08205},
	Journal = {ArXiv e-prints},
	Keywords = {Computer Science - General Literature, Computer Science - Computers and Society},
	Month = aug,
	Primaryclass = {cs.GL},
	Title = {{Re-run, Repeat, Reproduce, Reuse, Replicate: Transforming Code into Scientific Contributions}},
	Year = 2017,
	Bdsk-File-1 = {YnBsaXN0MDDSAQIDBFxyZWxhdGl2ZVBhdGhZYWxpYXNEYXRhXxA+Li4vLi4vc2U0c2MvU2NpQ29tcEFuZFNvZnRFbmdQYXBlcnMvQmVudXJlYXVBbmRSb3VnaWVyMjAxNy5wZGZPEQG8AAAAAAG8AAIAAAxNYWNpbnRvc2ggSEQAAAAAAAAAAAAAAAAAAAAAAAAAQkQAAf////8aQmVudXJlYXVBbmRSb3VnaWVyMjAxNy5wZGYAAAAAAAAAAAAAAAAAAAAAAAAAAAAAAAAAAAAAAAAAAAAAAAAA/////wAAAAAAAAAAAAAAAAACAAMAAAogY3UAAAAAAAAAAAAAAAAAF1NjaUNvbXBBbmRTb2Z0RW5nUGFwZXJzAAACAE0vOlVzZXJzOnNtaXRoczpSZXBvczpzZTRzYzpTY2lDb21wQW5kU29mdEVuZ1BhcGVyczpCZW51cmVhdUFuZFJvdWdpZXIyMDE3LnBkZgAADgA2ABoAQgBlAG4AdQByAGUAYQB1AEEAbgBkAFIAbwB1AGcAaQBlAHIAMgAwADEANwAuAHAAZABmAA8AGgAMAE0AYQBjAGkAbgB0AG8AcwBoACAASABEABIAS1VzZXJzL3NtaXRocy9SZXBvcy9zZTRzYy9TY2lDb21wQW5kU29mdEVuZ1BhcGVycy9CZW51cmVhdUFuZFJvdWdpZXIyMDE3LnBkZgAAEwABLwAAFQACAA3//wAAAAgADQAaACQAZQAAAAAAAAIBAAAAAAAAAAUAAAAAAAAAAAAAAAAAAAIl}}

@inbook{BaileyEtAl2016,
	Address = {New York},
	Author = {David H. Bailey and Jonathan M. Borwein and Victoria Stodden},
	Chapter = {Facilitating reproducibility in scientific computing: principles and practice},
	Date-Added = {2018-09-07 00:15:38 -0400},
	Date-Modified = {2018-09-07 00:15:38 -0400},
	Editor = {Harald Atmanspacher and Sabine Maasen},
	Pages = {205--232},
	Publisher = {John Wiley and Sons},
	Title = {Reproducibility: Principles, Problems, Practices},
	Year = {2016},
	Bdsk-File-1 = {YnBsaXN0MDDSAQIDBFxyZWxhdGl2ZVBhdGhZYWxpYXNEYXRhXxA2Li4vLi4vc2U0c2MvU2NpQ29tcEFuZFNvZnRFbmdQYXBlcnMvQmFpbGV5RXRBbDIwMTYucGRmTxEBnAAAAAABnAACAAAMTWFjaW50b3NoIEhEAAAAAAAAAAAAAAAAAAAAAAAAAEJEAAH/////EkJhaWxleUV0QWwyMDE2LnBkZgAAAAAAAAAAAAAAAAAAAAAAAAAAAAAAAAAAAAAAAAAAAAAAAAAAAAAAAAAAAP////8AAAAAAAAAAAAAAAAAAgADAAAKIGN1AAAAAAAAAAAAAAAAABdTY2lDb21wQW5kU29mdEVuZ1BhcGVycwAAAgBFLzpVc2VyczpzbWl0aHM6UmVwb3M6c2U0c2M6U2NpQ29tcEFuZFNvZnRFbmdQYXBlcnM6QmFpbGV5RXRBbDIwMTYucGRmAAAOACYAEgBCAGEAaQBsAGUAeQBFAHQAQQBsADIAMAAxADYALgBwAGQAZgAPABoADABNAGEAYwBpAG4AdABvAHMAaAAgAEgARAASAENVc2Vycy9zbWl0aHMvUmVwb3Mvc2U0c2MvU2NpQ29tcEFuZFNvZnRFbmdQYXBlcnMvQmFpbGV5RXRBbDIwMTYucGRmAAATAAEvAAAVAAIADf//AAAACAANABoAJABdAAAAAAAAAgEAAAAAAAAABQAAAAAAAAAAAAAAAAAAAf0=},
	Bdsk-Url-1 = {http://citeseerx.ist.psu.edu/viewdoc/download?doi=10.1.1.432.8990&rep=rep1&type=pdf}}

@article{JohansonAndHasselbring2018,
	Author = {Arne N. Johanson and Wilhelm Hasselbring},
	Date-Added = {2018-09-07 00:09:38 -0400},
	Date-Modified = {2018-09-07 00:09:38 -0400},
	Journal = {Computing in Science \& Engineering},
	Pages = {1--31},
	Title = {Software Engineering for Computational Science: Past, Present, Future},
	Volume = {Accepted},
	Year = {2018},
	Bdsk-File-1 = {YnBsaXN0MDDSAQIDBFxyZWxhdGl2ZVBhdGhZYWxpYXNEYXRhXxBCLi4vLi4vc2U0c2MvU2NpQ29tcEFuZFNvZnRFbmdQYXBlcnMvSm9oYW5zb25BbmRIYXNzZWxicmluZzIwMTgucGRmTxEBzAAAAAABzAACAAAMTWFjaW50b3NoIEhEAAAAAAAAAAAAAAAAAAAAAAAAAEJEAAH/////HkpvaGFuc29uQW5kSGFzc2VsYnJpbmcyMDE4LnBkZgAAAAAAAAAAAAAAAAAAAAAAAAAAAAAAAAAAAAAAAAAAAP////8AAAAAAAAAAAAAAAAAAgADAAAKIGN1AAAAAAAAAAAAAAAAABdTY2lDb21wQW5kU29mdEVuZ1BhcGVycwAAAgBRLzpVc2VyczpzbWl0aHM6UmVwb3M6c2U0c2M6U2NpQ29tcEFuZFNvZnRFbmdQYXBlcnM6Sm9oYW5zb25BbmRIYXNzZWxicmluZzIwMTgucGRmAAAOAD4AHgBKAG8AaABhAG4AcwBvAG4AQQBuAGQASABhAHMAcwBlAGwAYgByAGkAbgBnADIAMAAxADgALgBwAGQAZgAPABoADABNAGEAYwBpAG4AdABvAHMAaAAgAEgARAASAE9Vc2Vycy9zbWl0aHMvUmVwb3Mvc2U0c2MvU2NpQ29tcEFuZFNvZnRFbmdQYXBlcnMvSm9oYW5zb25BbmRIYXNzZWxicmluZzIwMTgucGRmAAATAAEvAAAVAAIADf//AAAACAANABoAJABpAAAAAAAAAgEAAAAAAAAABQAAAAAAAAAAAAAAAAAAAjk=}}

@inproceedings{Smith2018,
	Author = {W. Spencer Smith},
	Booktitle = {2018 International Workshop on Software Engineering for Science (held in conjunction with ICSE'18)},
	Date-Added = {2018-09-07 00:09:16 -0400},
	Date-Modified = {2018-09-07 00:09:16 -0400},
	Pages = {1--8},
	Title = {Beyond Software Carpentry},
	Year = {2018},
	Bdsk-File-1 = {YnBsaXN0MDDSAQIDBFxyZWxhdGl2ZVBhdGhZYWxpYXNEYXRhXxAxLi4vLi4vc2U0c2MvU2NpQ29tcEFuZFNvZnRFbmdQYXBlcnMvU21pdGgyMDE4LnBkZk8RAYYAAAAAAYYAAgAADE1hY2ludG9zaCBIRAAAAAAAAAAAAAAAAAAAAAAAAABCRAAB/////w1TbWl0aDIwMTgucGRmAAAAAAAAAAAAAAAAAAAAAAAAAAAAAAAAAAAAAAAAAAAAAAAAAAAAAAAAAAAAAAAAAAD/////AAAAAAAAAAAAAAAAAAIAAwAACiBjdQAAAAAAAAAAAAAAAAAXU2NpQ29tcEFuZFNvZnRFbmdQYXBlcnMAAAIAQC86VXNlcnM6c21pdGhzOlJlcG9zOnNlNHNjOlNjaUNvbXBBbmRTb2Z0RW5nUGFwZXJzOlNtaXRoMjAxOC5wZGYADgAcAA0AUwBtAGkAdABoADIAMAAxADgALgBwAGQAZgAPABoADABNAGEAYwBpAG4AdABvAHMAaAAgAEgARAASAD5Vc2Vycy9zbWl0aHMvUmVwb3Mvc2U0c2MvU2NpQ29tcEFuZFNvZnRFbmdQYXBlcnMvU21pdGgyMDE4LnBkZgATAAEvAAAVAAIADf//AAAACAANABoAJABYAAAAAAAAAgEAAAAAAAAABQAAAAAAAAAAAAAAAAAAAeI=}}

@article{Storer2017,
	Abstract = {The use of software is pervasive in all fields of science. Associated software development efforts may be very large, long lived, and complex, requiring the commitment of significant resources. However, several authors have argued that the ``gap'' or ``chasm'' between software engineering and scientific programming is a serious risk to the production of reliable scientific results, as demonstrated in a number of case studies. This article reviews the research that addresses the gap, exploring how both software engineering and research practice may need to evolve to accommodate the use of software in science.},
	Acmid = {3084225},
	Address = {New York, NY, USA},
	Annote = {- makes clear case (with examples) that software brings a variety of benefits to scientific research
- highlights SCS probs with scientific methd, esp repeatability and reproducibilty - examples of retractions
``There is a need to improve the transfer of existing practices and tools from other applications of software engineering to scientific programming. In addition, due to the specialised nature of scientific programming, there is a need for research to specifically develop methods and tools that are tailored to the domain.''},
	Articleno = {47},
	Author = {Storer, Tim},
	Date-Added = {2018-09-07 00:06:21 -0400},
	Date-Modified = {2018-09-07 00:06:21 -0400},
	Doi = {10.1145/3084225},
	Issn = {0360-0300},
	Issue_Date = {August 2017},
	Journal = {ACM Comput. Surv.},
	Keywords = {Software engineering, scientific programming},
	Month = aug,
	Number = {4},
	Numpages = {32},
	Pages = {47:1--47:32},
	Publisher = {ACM},
	Title = {Bridging the Chasm: A Survey of Software Engineering Practice in Scientific Programming},
	Url = {http://doi.acm.org/10.1145/3084225},
	Volume = {50},
	Year = {2017},
	Bdsk-File-1 = {YnBsaXN0MDDSAQIDBFxyZWxhdGl2ZVBhdGhZYWxpYXNEYXRhXxAyLi4vLi4vc2U0c2MvU2NpQ29tcEFuZFNvZnRFbmdQYXBlcnMvU3RvcmVyMjAxNy5wZGZPEQGMAAAAAAGMAAIAAAxNYWNpbnRvc2ggSEQAAAAAAAAAAAAAAAAAAAAAAAAAQkQAAf////8OU3RvcmVyMjAxNy5wZGYAAAAAAAAAAAAAAAAAAAAAAAAAAAAAAAAAAAAAAAAAAAAAAAAAAAAAAAAAAAAAAAAA/////wAAAAAAAAAAAAAAAAACAAMAAAogY3UAAAAAAAAAAAAAAAAAF1NjaUNvbXBBbmRTb2Z0RW5nUGFwZXJzAAACAEEvOlVzZXJzOnNtaXRoczpSZXBvczpzZTRzYzpTY2lDb21wQW5kU29mdEVuZ1BhcGVyczpTdG9yZXIyMDE3LnBkZgAADgAeAA4AUwB0AG8AcgBlAHIAMgAwADEANwAuAHAAZABmAA8AGgAMAE0AYQBjAGkAbgB0AG8AcwBoACAASABEABIAP1VzZXJzL3NtaXRocy9SZXBvcy9zZTRzYy9TY2lDb21wQW5kU29mdEVuZ1BhcGVycy9TdG9yZXIyMDE3LnBkZgAAEwABLwAAFQACAA3//wAAAAgADQAaACQAWQAAAAAAAAIBAAAAAAAAAAUAAAAAAAAAAAAAAAAAAAHp},
	Bdsk-Url-1 = {http://doi.acm.org/10.1145/3084225},
	Bdsk-Url-2 = {http://dx.doi.org/10.1145/3084225}}

@book{OliveiraAndStewart2006,
	Address = {New York, NY, USA},
	Author = {Suely Oliveira and David E. Stewart},
	Date-Added = {2018-09-07 00:01:05 -0400},
	Date-Modified = {2018-09-07 00:01:05 -0400},
	Isbn = {0521858968},
	Publisher = {Cambridge University Press},
	Title = {Writing Scientific Software: A Guide to Good Style},
	Year = {2006}}

@article{Hatton2007,
	Author = {Les Hatton},
	Date-Added = {2018-09-06 23:55:06 -0400},
	Date-Modified = {2018-09-06 23:55:06 -0400},
	Journal = {Computer},
	Keywords = {computers and society, computing profession, software quality},
	Local-Url = {file://localhost/Users/smiths/LongTermArchives/Work/Research/References/SciCompAndSoftEng/Hatton2007.pdf},
	Month = aug,
	Number = {8},
	Title = {The chimera of software quality},
	Volume = {40},
	Year = {2007},
	Bdsk-File-1 = {YnBsaXN0MDDSAQIDBFxyZWxhdGl2ZVBhdGhZYWxpYXNEYXRhXxAyLi4vLi4vc2U0c2MvU2NpQ29tcEFuZFNvZnRFbmdQYXBlcnMvSGF0dG9uMjAwNy5wZGZPEQGMAAAAAAGMAAIAAAxNYWNpbnRvc2ggSEQAAAAAAAAAAAAAAAAAAAAAAAAAQkQAAf////8OSGF0dG9uMjAwNy5wZGYAAAAAAAAAAAAAAAAAAAAAAAAAAAAAAAAAAAAAAAAAAAAAAAAAAAAAAAAAAAAAAAAA/////wAAAAAAAAAAAAAAAAACAAMAAAogY3UAAAAAAAAAAAAAAAAAF1NjaUNvbXBBbmRTb2Z0RW5nUGFwZXJzAAACAEEvOlVzZXJzOnNtaXRoczpSZXBvczpzZTRzYzpTY2lDb21wQW5kU29mdEVuZ1BhcGVyczpIYXR0b24yMDA3LnBkZgAADgAeAA4ASABhAHQAdABvAG4AMgAwADAANwAuAHAAZABmAA8AGgAMAE0AYQBjAGkAbgB0AG8AcwBoACAASABEABIAP1VzZXJzL3NtaXRocy9SZXBvcy9zZTRzYy9TY2lDb21wQW5kU29mdEVuZ1BhcGVycy9IYXR0b24yMDA3LnBkZgAAEwABLwAAFQACAA3//wAAAAgADQAaACQAWQAAAAAAAAIBAAAAAAAAAAUAAAAAAAAAAAAAAAAAAAHp}}

@article{Miller2006,
	Author = {Miller, Greg},
	Date-Added = {2018-09-06 23:53:44 -0400},
	Date-Modified = {2018-09-06 23:53:44 -0400},
	Doi = {10.1126/science.314.5807.1856},
	Eprint = {http://www.sciencemag.org/cgi/reprint/314/5807/1856.pdf},
	Journal = {Science},
	Number = {5807},
	Pages = {1856-1857},
	Title = {{SCIENTIFIC PUBLISHING: A Scientist's Nightmare: Software Problem Leads to Five Retractions}},
	Url = {http://www.sciencemag.org},
	Volume = {314},
	Year = {2006},
	Bdsk-File-1 = {YnBsaXN0MDDSAQIDBFxyZWxhdGl2ZVBhdGhZYWxpYXNEYXRhXxA7Li4vLi4vLi4vV29yay9SZXNlYXJjaC9SZWZlcmVuY2VzL1NjaWVuY2UyMDA2UmV0cmFjdGlvbi5wZGZPEQGUAAAAAAGUAAIAAAxNYWNpbnRvc2ggSEQAAAAAAAAAAAAAAAAAAAAAAAAAQkQAAf////8ZU2NpZW5jZTIwMDZSZXRyYWN0aW9uLnBkZgAAAAAAAAAAAAAAAAAAAAAAAAAAAAAAAAAAAAAAAAAAAAAAAAAA/////wAAAAAAAAAAAAAAAAADAAQAAAogY3UAAAAAAAAAAAAAAAAAClJlZmVyZW5jZXMAAgBBLzpVc2VyczpzbWl0aHM6V29yazpSZXNlYXJjaDpSZWZlcmVuY2VzOlNjaWVuY2UyMDA2UmV0cmFjdGlvbi5wZGYAAA4ANAAZAFMAYwBpAGUAbgBjAGUAMgAwADAANgBSAGUAdAByAGEAYwB0AGkAbwBuAC4AcABkAGYADwAaAAwATQBhAGMAaQBuAHQAbwBzAGgAIABIAEQAEgA/VXNlcnMvc21pdGhzL1dvcmsvUmVzZWFyY2gvUmVmZXJlbmNlcy9TY2llbmNlMjAwNlJldHJhY3Rpb24ucGRmAAATAAEvAAAVAAIADf//AAAACAANABoAJABiAAAAAAAAAgEAAAAAAAAABQAAAAAAAAAAAAAAAAAAAfo=},
	Bdsk-Url-1 = {http://www.sciencemag.org},
	Bdsk-Url-2 = {http://dx.doi.org/10.1126/science.314.5807.1856}}

@inproceedings{SmithEtAl2018_ICSEPoster,
	Author = {W. Spencer Smith and Mojdeh Sayari Nejad and Alan Wassyng},
	Booktitle = {ICSE 2018 Proceedings of the 40th International Conference on Software Engineering},
	Date-Added = {2018-05-29 16:52:33 +0000},
	Date-Modified = {2018-05-29 16:52:33 +0000},
	Month = may,
	Note = {2 pp},
	Title = {Assurance Cases for Scientific Computing Software (poster)},
	Year = {2018},
	Bdsk-File-1 = {YnBsaXN0MDDSAQIDBFxyZWxhdGl2ZVBhdGhZYWxpYXNEYXRhXxAUU21pdGgyMDE4X1Bvc3Rlci5wZGZPEQGSAAAAAAGSAAIAAAxNYWNpbnRvc2ggSEQAAAAAAAAAAAAAAAAAAAAAAAAAQkQAAf////8UU21pdGgyMDE4X1Bvc3Rlci5wZGYAAAAAAAAAAAAAAAAAAAAAAAAAAAAAAAAAAAAAAAAAAAAAAAAAAAAAAAAA/////wAAAAAAAAAAAAAAAAABAAIAAAogY3UAAAAAAAAAAAAAAAAAEVJlZmVyZW5jZU1hdGVyaWFsAAACAEIvOlVzZXJzOnNtaXRoczpSZXBvczpjYXM3NDE6UmVmZXJlbmNlTWF0ZXJpYWw6U21pdGgyMDE4X1Bvc3Rlci5wZGYADgAqABQAUwBtAGkAdABoADIAMAAxADgAXwBQAG8AcwB0AGUAcgAuAHAAZABmAA8AGgAMAE0AYQBjAGkAbgB0AG8AcwBoACAASABEABIAQFVzZXJzL3NtaXRocy9SZXBvcy9jYXM3NDEvUmVmZXJlbmNlTWF0ZXJpYWwvU21pdGgyMDE4X1Bvc3Rlci5wZGYAEwABLwAAFQACAA3//wAAAAgADQAaACQAOwAAAAAAAAIBAAAAAAAAAAUAAAAAAAAAAAAAAAAAAAHR},
	Bdsk-File-2 = {YnBsaXN0MDDSAQIDBFxyZWxhdGl2ZVBhdGhZYWxpYXNEYXRhXxARU21pdGhFdEFsMjAxOC5wZGZPEQGIAAAAAAGIAAIAAAxNYWNpbnRvc2ggSEQAAAAAAAAAAAAAAAAAAAAAAAAAQkQAAf////8RU21pdGhFdEFsMjAxOC5wZGYAAAAAAAAAAAAAAAAAAAAAAAAAAAAAAAAAAAAAAAAAAAAAAAAAAAAAAAAAAAAA/////wAAAAAAAAAAAAAAAAABAAIAAAogY3UAAAAAAAAAAAAAAAAAEVJlZmVyZW5jZU1hdGVyaWFsAAACAD8vOlVzZXJzOnNtaXRoczpSZXBvczpjYXM3NDE6UmVmZXJlbmNlTWF0ZXJpYWw6U21pdGhFdEFsMjAxOC5wZGYAAA4AJAARAFMAbQBpAHQAaABFAHQAQQBsADIAMAAxADgALgBwAGQAZgAPABoADABNAGEAYwBpAG4AdABvAHMAaAAgAEgARAASAD1Vc2Vycy9zbWl0aHMvUmVwb3MvY2FzNzQxL1JlZmVyZW5jZU1hdGVyaWFsL1NtaXRoRXRBbDIwMTgucGRmAAATAAEvAAAVAAIADf//AAAACAANABoAJAA4AAAAAAAAAgEAAAAAAAAABQAAAAAAAAAAAAAAAAAAAcQ=}}

@unpublished{SmithEtAl2017,
	Author = {W. Spencer Smith and Mojdeh Sayari Nejad and Alan Wassyng},
	Date-Added = {2017-11-23 16:40:43 +0000},
	Date-Modified = {2017-11-23 16:56:51 +0000},
	Month = {November},
	Note = {Prepared for ICSE Submission},
	Title = {Assurance Cases for Scientific Computing Software},
	Year = {2017},
	Bdsk-File-1 = {YnBsaXN0MDDSAQIDBFxyZWxhdGl2ZVBhdGhZYWxpYXNEYXRhXxARU21pdGhFdEFsMjAxOC5wZGZPEQGIAAAAAAGIAAIAAAxNYWNpbnRvc2ggSEQAAAAAAAAAAAAAAAAAAAAAAAAAQkQAAf////8RU21pdGhFdEFsMjAxOC5wZGYAAAAAAAAAAAAAAAAAAAAAAAAAAAAAAAAAAAAAAAAAAAAAAAAAAAAAAAAAAAAA/////wAAAAAAAAAAAAAAAAABAAIAAAogY3UAAAAAAAAAAAAAAAAAEVJlZmVyZW5jZU1hdGVyaWFsAAACAD8vOlVzZXJzOnNtaXRoczpSZXBvczpjYXM3NDE6UmVmZXJlbmNlTWF0ZXJpYWw6U21pdGhFdEFsMjAxOC5wZGYAAA4AJAARAFMAbQBpAHQAaABFAHQAQQBsADIAMAAxADgALgBwAGQAZgAPABoADABNAGEAYwBpAG4AdABvAHMAaAAgAEgARAASAD1Vc2Vycy9zbWl0aHMvUmVwb3MvY2FzNzQxL1JlZmVyZW5jZU1hdGVyaWFsL1NtaXRoRXRBbDIwMTgucGRmAAATAAEvAAAVAAIADf//AAAACAANABoAJAA4AAAAAAAAAgEAAAAAAAAABQAAAAAAAAAAAAAAAAAAAcQ=}}

@article{Kelly2007,
	Address = {Los Alamitos, CA, USA},
	Author = {Diane F. Kelly},
	Date-Added = {2017-11-20 16:06:46 +0000},
	Date-Modified = {2017-11-20 16:06:46 +0000},
	Doi = {http://dx.doi.org/10.1109/MS.2007.155},
	Issn = {0740-7459},
	Journal = {IEEE Software},
	Local-Url = {file://localhost/Users/smiths/LongTermArchives/Work/Research/References/SciCompAndSoftEng/Kelly2007.pdf},
	Number = {6},
	Pages = {120--119},
	Publisher = {IEEE Computer Society Press},
	Title = {A Software Chasm: Software Engineering and Scientific Computing},
	Volume = {24},
	Year = {2007},
	Bdsk-File-1 = {YnBsaXN0MDDSAQIDBFxyZWxhdGl2ZVBhdGhZYWxpYXNEYXRhXxBuLi4vLi4vT0xEX1NWTi9tbXNjT0xEX1NWTi9Eb21haW5YL1poZW5nIFplbmcvV3JpdGluZ3MvUmVmZXJlbmNlcy9QYXBlcnNPblNvZnRFbmdBcHBsaWVkVG9TY2lDb21wL0tlbGx5MjAwNy5wZGZPEQIKAAAAAAIKAAIAAAxNYWNpbnRvc2ggSEQAAAAAAAAAAAAAAAAAAAAAAAAAQkQAAf////8NS2VsbHkyMDA3LnBkZgAAAAAAAAAAAAAAAAAAAAAAAAAAAAAAAAAAAAAAAAAAAAAAAAAAAAAAAAAAAAAAAAAA/////wAAAAAAAAAAAAAAAAACAAgAAAogY3UAAAAAAAAAAAAAAAAAH1BhcGVyc09uU29mdEVuZ0FwcGxpZWRUb1NjaUNvbXAAAAIAfS86VXNlcnM6c21pdGhzOlJlcG9zOk9MRF9TVk46bW1zY09MRF9TVk46RG9tYWluWDpaaGVuZyBaZW5nOldyaXRpbmdzOlJlZmVyZW5jZXM6UGFwZXJzT25Tb2Z0RW5nQXBwbGllZFRvU2NpQ29tcDpLZWxseTIwMDcucGRmAAAOABwADQBLAGUAbABsAHkAMgAwADAANwAuAHAAZABmAA8AGgAMAE0AYQBjAGkAbgB0AG8AcwBoACAASABEABIAe1VzZXJzL3NtaXRocy9SZXBvcy9PTERfU1ZOL21tc2NPTERfU1ZOL0RvbWFpblgvWmhlbmcgWmVuZy9Xcml0aW5ncy9SZWZlcmVuY2VzL1BhcGVyc09uU29mdEVuZ0FwcGxpZWRUb1NjaUNvbXAvS2VsbHkyMDA3LnBkZgAAEwABLwAAFQACAA3//wAAAAgADQAaACQAlQAAAAAAAAIBAAAAAAAAAAUAAAAAAAAAAAAAAAAAAAKj},
	Bdsk-Url-1 = {http://dx.doi.org/10.1109/MS.2007.155}}

@inproceedings{Owen1998,
	Author = {Steven J. Owen},
	Booktitle = {INTERNATIONAL MESHING ROUNDTABLE},
	Date-Added = {2017-11-20 16:06:34 +0000},
	Date-Modified = {2017-11-20 16:06:34 +0000},
	Pages = {239--267},
	Title = {A Survey of Unstructured Mesh Generation Technology},
	Year = {1998},
	Bdsk-File-1 = {YnBsaXN0MDDSAQIDBFxyZWxhdGl2ZVBhdGhZYWxpYXNEYXRhXxAuLi4vLi4vLi4vV29yay9SZXNlYXJjaC9SZWZlcmVuY2VzL093ZW4xOTk4LnBkZk8RAV4AAAAAAV4AAgAADE1hY2ludG9zaCBIRAAAAAAAAAAAAAAAAAAAAAAAAABCRAAB/////wxPd2VuMTk5OC5wZGYAAAAAAAAAAAAAAAAAAAAAAAAAAAAAAAAAAAAAAAAAAAAAAAAAAAAAAAAAAAAAAAAAAAD/////AAAAAAAAAAAAAAAAAAMABAAACiBjdQAAAAAAAAAAAAAAAAAKUmVmZXJlbmNlcwACADQvOlVzZXJzOnNtaXRoczpXb3JrOlJlc2VhcmNoOlJlZmVyZW5jZXM6T3dlbjE5OTgucGRmAA4AGgAMAE8AdwBlAG4AMQA5ADkAOAAuAHAAZABmAA8AGgAMAE0AYQBjAGkAbgB0AG8AcwBoACAASABEABIAMlVzZXJzL3NtaXRocy9Xb3JrL1Jlc2VhcmNoL1JlZmVyZW5jZXMvT3dlbjE5OTgucGRmABMAAS8AABUAAgAN//8AAAAIAA0AGgAkAFUAAAAAAAACAQAAAAAAAAAFAAAAAAAAAAAAAAAAAAABtw==}}

@article{Merali2010,
	Annote = {doi:10.1038/467775a 

article and comments at: http://www.nature.com/news/2010/101013/full/467775a.html},
	Author = {Zeeya Merali},
	Date-Added = {2017-11-20 16:06:25 +0000},
	Date-Modified = {2017-11-20 16:06:25 +0000},
	Journal = {Nature},
	Pages = {775--777},
	Title = {Computational science: ...Error},
	Volume = {467},
	Year = {2010},
	Bdsk-File-1 = {YnBsaXN0MDDSAQIDBFxyZWxhdGl2ZVBhdGhZYWxpYXNEYXRhXxBWLi4vLi4vLi4vLi4vTG9uZ1Rlcm1BcmNoaXZlcy9Xb3JrL1Jlc2VhcmNoL1JlZmVyZW5jZXMvU2NpQ29tcEFuZFNvZnRFbmcvTWVyYWxpMjAxMC5wZGZPEQH4AAAAAAH4AAIAAAxNYWNpbnRvc2ggSEQAAAAAAAAAAAAAAAAAAADGxWEASCsAAAASp5IOTWVyYWxpMjAxMC5wZGYAAAAAAAAAAAAAAAAAAAAAAAAAAAAAAAAAAAAAAAAAAAAAAAAAAAAAAAAAAAAAAAAAAPetRMtepswAAAAAAAAAAAAEAAYAAAkgAAAAAAAAAAAAAAAAAAAAEVNjaUNvbXBBbmRTb2Z0RW5nAAAQAAgAAMbFmUAAAAARAAgAAMte7RwAAAABABwAEqeSABKiNgASoMoAEqCpABKgpQAIWfcAAHxjAAIAZE1hY2ludG9zaCBIRDpVc2VyczpzbWl0aHM6TG9uZ1Rlcm1BcmNoaXZlczpXb3JrOlJlc2VhcmNoOlJlZmVyZW5jZXM6U2NpQ29tcEFuZFNvZnRFbmc6TWVyYWxpMjAxMC5wZGYADgAeAA4ATQBlAHIAYQBsAGkAMgAwADEAMAAuAHAAZABmAA8AGgAMAE0AYQBjAGkAbgB0AG8AcwBoACAASABEABIAV1VzZXJzL3NtaXRocy9Mb25nVGVybUFyY2hpdmVzL1dvcmsvUmVzZWFyY2gvUmVmZXJlbmNlcy9TY2lDb21wQW5kU29mdEVuZy9NZXJhbGkyMDEwLnBkZgAAEwABLwAAFQACAA3//wAAAAgADQAaACQAfQAAAAAAAAIBAAAAAAAAAAUAAAAAAAAAAAAAAAAAAAJ5}}

@inproceedings{KellyAndSanders2008a,
	Author = {Diane Kelly and Rebecca Sanders},
	Booktitle = {Proceedings of the Conference for the Association for Software Testing},
	Date-Added = {2017-11-20 16:06:15 +0000},
	Date-Modified = {2017-11-20 16:06:15 +0000},
	Pages = {30--36},
	Title = {The challenge of testing scientific software},
	Year = {2008},
	Bdsk-File-1 = {YnBsaXN0MDDSAQIDBFxyZWxhdGl2ZVBhdGhZYWxpYXNEYXRhXxAcS2VsbHlBbmRTYW5kZXJzMjAwOCBjb3B5LnBkZk8RAgAAAAAAAgAAAgAADE1hY2ludG9zaCBIRAAAAAAAAAAAAAAAAAAAAM6Xc4NIKwAAA3DDZBxLZWxseUFuZFNhbmRlcnMyMDA4IGNvcHkucGRmAAAAAAAAAAAAAAAAAAAAAAAAAAAAAAAAAAAAAAAAAAAAAAAFUMIv0W57IwAAAAAAAAAAAAEAAgAACSAAAAAAAAAAAAAAAAAAAAAXU2NpQ29tcEFuZFNvZnRFbmdQYXBlcnMAABAACAAAzperwwAAABEACAAA0W6zYwAAAAEAFANww2QCkcRMABIVpwAI92YAAmSOAAIAXk1hY2ludG9zaCBIRDpVc2VyczoAc21pdGhzOgBSZXBvczoAbW1zYzoAU2NpQ29tcEFuZFNvZnRFbmdQYXBlcnM6AEtlbGx5QW5kU2FuZGVyczIwMDggY29weS5wZGYADgA6ABwASwBlAGwAbAB5AEEAbgBkAFMAYQBuAGQAZQByAHMAMgAwADAAOAAgAGMAbwBwAHkALgBwAGQAZgAPABoADABNAGEAYwBpAG4AdABvAHMAaAAgAEgARAASAExVc2Vycy9zbWl0aHMvUmVwb3MvbW1zYy9TY2lDb21wQW5kU29mdEVuZ1BhcGVycy9LZWxseUFuZFNhbmRlcnMyMDA4IGNvcHkucGRmABMAAS8AABUAAgAN//8AAAAIAA0AGgAkAEMAAAAAAAACAQAAAAAAAAAFAAAAAAAAAAAAAAAAAAACRw==}}

@inproceedings{SmithJegatheesanAndKelly2016,
	Author = {W. Spencer Smith and Thulasi Jegatheesan and Diane F. Kelly},
	Booktitle = {Proceedings of the Fourth International Workshop on Software Engineering for High Performance Computing in Computational Science and Engineering (SE-HPCCE)},
	Date-Added = {2017-11-20 03:50:08 +0000},
	Date-Modified = {2017-11-20 03:50:08 +0000},
	Month = {November},
	Note = {8 pp},
	Title = {Advantages, Disadvantages and Misunderstandings About Document Driven Design for Scientific Software},
	Year = {2016},
	Bdsk-File-1 = {YnBsaXN0MDDSAQIDBFxyZWxhdGl2ZVBhdGhZYWxpYXNEYXRhXxBELi4vLi4vc2U0c2MvU2NpQ29tcEFuZFNvZnRFbmdQYXBlcnMvU21pdGhKZWdhdGhlZXNhbkFuZEtlbGx5MjAxNi5wZGZPEQHUAAAAAAHUAAIAAAxNYWNpbnRvc2ggSEQAAAAAAAAAAAAAAAAAAAAAAAAAQkQAAf////8fU21pdGhKZWdhdGhlZXNhbkFuI0ZGRkZGRkZGLnBkZgAAAAAAAAAAAAAAAAAAAAAAAAAAAAAAAAAAAAAAAAAA/////wAAAAAAAAAAAAAAAAACAAMAAAogY3UAAAAAAAAAAAAAAAAAF1NjaUNvbXBBbmRTb2Z0RW5nUGFwZXJzAAACAFMvOlVzZXJzOnNtaXRoczpSZXBvczpzZTRzYzpTY2lDb21wQW5kU29mdEVuZ1BhcGVyczpTbWl0aEplZ2F0aGVlc2FuQW5kS2VsbHkyMDE2LnBkZgAADgBCACAAUwBtAGkAdABoAEoAZQBnAGEAdABoAGUAZQBzAGEAbgBBAG4AZABLAGUAbABsAHkAMgAwADEANgAuAHAAZABmAA8AGgAMAE0AYQBjAGkAbgB0AG8AcwBoACAASABEABIAUVVzZXJzL3NtaXRocy9SZXBvcy9zZTRzYy9TY2lDb21wQW5kU29mdEVuZ1BhcGVycy9TbWl0aEplZ2F0aGVlc2FuQW5kS2VsbHkyMDE2LnBkZgAAEwABLwAAFQACAA3//wAAAAgADQAaACQAawAAAAAAAAIBAAAAAAAAAAUAAAAAAAAAAAAAAAAAAAJD},
	Bdsk-Url-1 = {http://se4science.org/workshops/sehpccse16/cfp.htm}}

@inproceedings{IonescuAndJansson2013,
	Author = {Cezar Ionescu and Patrik Jansson},
	Booktitle = {{Revised Selected Papers of the 24th International Symposium on Implementation and Application of Functional Languages}},
	Date-Added = {2017-11-20 03:49:27 +0000},
	Date-Modified = {2017-11-20 03:49:27 +0000},
	Doi = {10.1007/978-3-642-41582-1_9},
	Pages = {140--156},
	Publisher = {{Springer International Publishing}},
	Series = {{Lecture Notes in Computer Science}},
	Title = {{Dependently-Typed Programming in Scientific Computing --- Examples from Economic Modelling}},
	Volume = 8241,
	Year = 2012,
	Bdsk-File-1 = {YnBsaXN0MDDSAQIDBFxyZWxhdGl2ZVBhdGhZYWxpYXNEYXRhXxA9Li4vLi4vc2U0c2MvU2NpQ29tcEFuZFNvZnRFbmdQYXBlcnMvSW9uZXNjdUFuZEphbnNzb24yMDEzLnBkZk8RAbYAAAAAAbYAAgAADE1hY2ludG9zaCBIRAAAAAAAAAAAAAAAAAAAAAAAAABCRAAB/////xlJb25lc2N1QW5kSmFuc3NvbjIwMTMucGRmAAAAAAAAAAAAAAAAAAAAAAAAAAAAAAAAAAAAAAAAAAAAAAAAAAD/////AAAAAAAAAAAAAAAAAAIAAwAACiBjdQAAAAAAAAAAAAAAAAAXU2NpQ29tcEFuZFNvZnRFbmdQYXBlcnMAAAIATC86VXNlcnM6c21pdGhzOlJlcG9zOnNlNHNjOlNjaUNvbXBBbmRTb2Z0RW5nUGFwZXJzOklvbmVzY3VBbmRKYW5zc29uMjAxMy5wZGYADgA0ABkASQBvAG4AZQBzAGMAdQBBAG4AZABKAGEAbgBzAHMAbwBuADIAMAAxADMALgBwAGQAZgAPABoADABNAGEAYwBpAG4AdABvAHMAaAAgAEgARAASAEpVc2Vycy9zbWl0aHMvUmVwb3Mvc2U0c2MvU2NpQ29tcEFuZFNvZnRFbmdQYXBlcnMvSW9uZXNjdUFuZEphbnNzb24yMDEzLnBkZgATAAEvAAAVAAIADf//AAAACAANABoAJABkAAAAAAAAAgEAAAAAAAAABQAAAAAAAAAAAAAAAAAAAh4=},
	Bdsk-Url-1 = {http://dx.doi.org/10.1007/978-3-642-41582-1_9}}

@book{GriesAndSchneider1993,
	Address = {New York},
	Author = {David Gries and Fred B. Schneider},
	Date-Added = {2017-11-06 15:09:37 +0000},
	Date-Modified = {2017-11-06 15:09:37 +0000},
	Keywords = {discrete mathematics},
	Publisher = {Springer-Verlag Inc.},
	Title = {A logical approach to discrete math},
	Year = {1993}}

@inproceedings{CaretteEtAl2011,
	Abstract = {We present the design and implementation of a generative geometric kernel. The kernel generator is generic, type-safe, parametrized by many design-level choices and extensible.  The resulting code has minimal traces of the design abstractions.  We achieve genericity through a layered design deriving concepts from affine geometry, linear algebra and abstract algebra.  We achieve parametrization and type-safety by using OCaml's module system, including higher order modules. The cost of abstraction is removed by using MetaOCaml's support for code generation coupled with some annotations atop the code type.},
	Author = {Jacques Carette and Mustafa ElSheikh and W. Spencer Smith},
	Booktitle = {ACM SIGPLAN 2011 Workshop on Partial Evaluation and Program Manipulation (PEPM'11)},
	Date-Added = {2017-10-27 03:26:58 +0000},
	Date-Modified = {2017-10-27 03:26:58 +0000},
	Keywords = {MetaOCaml, Geometry, Generative, Generic},
	Month = {January},
	Pages = {53--62},
	Title = {A Generative Geometric Kernel},
	Year = {2011},
	Bdsk-File-1 = {YnBsaXN0MDDSAQIDBFxyZWxhdGl2ZVBhdGhZYWxpYXNEYXRhXxA6Li4vLi4vT0xEX1NWTi9tZ2dPTEQvdHJ1bmsvZG9jcy9wZXBtMTEvcGVwbTI4cC1jYXJldHRlLnBkZk8RAZQAAAAAAZQAAgAADE1hY2ludG9zaCBIRAAAAAAAAAAAAAAAAAAAAAAAAABCRAAB/////xNwZXBtMjhwLWNhcmV0dGUucGRmAAAAAAAAAAAAAAAAAAAAAAAAAAAAAAAAAAAAAAAAAAAAAAAAAAAAAAAAAAD/////AAAAAAAAAAAAAAAAAAIABgAACiBjdQAAAAAAAAAAAAAAAAAGcGVwbTExAAIASS86VXNlcnM6c21pdGhzOlJlcG9zOk9MRF9TVk46bWdnT0xEOnRydW5rOmRvY3M6cGVwbTExOnBlcG0yOHAtY2FyZXR0ZS5wZGYAAA4AKAATAHAAZQBwAG0AMgA4AHAALQBjAGEAcgBlAHQAdABlAC4AcABkAGYADwAaAAwATQBhAGMAaQBuAHQAbwBzAGgAIABIAEQAEgBHVXNlcnMvc21pdGhzL1JlcG9zL09MRF9TVk4vbWdnT0xEL3RydW5rL2RvY3MvcGVwbTExL3BlcG0yOHAtY2FyZXR0ZS5wZGYAABMAAS8AABUAAgAN//8AAAAIAA0AGgAkAGEAAAAAAAACAQAAAAAAAAAFAAAAAAAAAAAAAAAAAAAB+Q==}}

@article{SmithAndYu2009,
	Author = {W. Spencer Smith and Wen Yu},
	Date-Added = {2017-10-27 03:25:31 +0000},
	Date-Modified = {2017-10-27 03:25:31 +0000},
	Doi = {http://dx.doi.org/10.1016/j.advengsoft.2009.05.003},
	Journal = {Advances in Engineering Software},
	Local-Url = {/Users/smiths/Work/Research/Papers/SmithAndYu2008_AdvEngSoft/SmithAndYu2008_ResubmissionToAdvEngSoft.pdf},
	Month = {November},
	Number = {11},
	Pages = {1155--1167},
	Title = {A Document Driven Methodology for Improving the Quality of a Parallel Mesh Generation Toolbox},
	Volume = {40},
	Year = {2009},
	Bdsk-File-1 = {YnBsaXN0MDDSAQIDBFxyZWxhdGl2ZVBhdGhZYWxpYXNEYXRhXxA2Li4vLi4vc2U0c2MvU2NpQ29tcEFuZFNvZnRFbmdQYXBlcnMvU21pdGhBbmRZdTIwMDkucGRmTxEBnAAAAAABnAACAAAMTWFjaW50b3NoIEhEAAAAAAAAAAAAAAAAAAAAAAAAAEJEAAH/////ElNtaXRoQW5kWXUyMDA5LnBkZgAAAAAAAAAAAAAAAAAAAAAAAAAAAAAAAAAAAAAAAAAAAAAAAAAAAAAAAAAAAP////8AAAAAAAAAAAAAAAAAAgADAAAKIGN1AAAAAAAAAAAAAAAAABdTY2lDb21wQW5kU29mdEVuZ1BhcGVycwAAAgBFLzpVc2VyczpzbWl0aHM6UmVwb3M6c2U0c2M6U2NpQ29tcEFuZFNvZnRFbmdQYXBlcnM6U21pdGhBbmRZdTIwMDkucGRmAAAOACYAEgBTAG0AaQB0AGgAQQBuAGQAWQB1ADIAMAAwADkALgBwAGQAZgAPABoADABNAGEAYwBpAG4AdABvAHMAaAAgAEgARAASAENVc2Vycy9zbWl0aHMvUmVwb3Mvc2U0c2MvU2NpQ29tcEFuZFNvZnRFbmdQYXBlcnMvU21pdGhBbmRZdTIwMDkucGRmAAATAAEvAAAVAAIADf//AAAACAANABoAJABdAAAAAAAAAgEAAAAAAAAABQAAAAAAAAAAAAAAAAAAAf0=},
	Bdsk-Url-1 = {http://dx.doi.org/10.1016/j.advengsoft.2009.05.003}}

@article{ElSheikhEtAl2004,
	Author = {Ahmed H. ElSheikh and W. Spencer Smith and Samir E. Chidiac},
	Date-Added = {2017-10-23 20:58:24 +0000},
	Date-Modified = {2017-10-23 20:58:24 +0000},
	Journal = {Advances in Engineering Software},
	Keywords = {mesh generation, software engineering, modular decomposition, formal methods, software quality},
	Local-Url = {/Users/smiths/Work/Research/Papers/SemiFormalDesMeshGen/OnLineVersionOfPaper.pdf},
	Number = {12},
	Pages = {827--841},
	Title = {Semi-formal design of reliable mesh generation systems},
	Volume = {35},
	Year = {2004},
	Bdsk-File-1 = {YnBsaXN0MDDSAQIDBFxyZWxhdGl2ZVBhdGhZYWxpYXNEYXRhXxBLLi4vLi4vLi4vV29yay9SZXNlYXJjaC9QYXBlcnMvU2VtaUZvcm1hbERlc01lc2hHZW4vT25MaW5lVmVyc2lvbk9mUGFwZXIucGRmTxEBvAAAAAABvAACAAAMTWFjaW50b3NoIEhEAAAAAAAAAAAAAAAAAAAAAAAAAEJEAAH/////GE9uTGluZVZlcnNpb25PZlBhcGVyLnBkZgAAAAAAAAAAAAAAAAAAAAAAAAAAAAAAAAAAAAAAAAAAAAAAAAAAAP////8AAAAAAAAAAAAAAAAAAwAFAAAKIGN1AAAAAAAAAAAAAAAAABRTZW1pRm9ybWFsRGVzTWVzaEdlbgACAFEvOlVzZXJzOnNtaXRoczpXb3JrOlJlc2VhcmNoOlBhcGVyczpTZW1pRm9ybWFsRGVzTWVzaEdlbjpPbkxpbmVWZXJzaW9uT2ZQYXBlci5wZGYAAA4AMgAYAE8AbgBMAGkAbgBlAFYAZQByAHMAaQBvAG4ATwBmAFAAYQBwAGUAcgAuAHAAZABmAA8AGgAMAE0AYQBjAGkAbgB0AG8AcwBoACAASABEABIAT1VzZXJzL3NtaXRocy9Xb3JrL1Jlc2VhcmNoL1BhcGVycy9TZW1pRm9ybWFsRGVzTWVzaEdlbi9PbkxpbmVWZXJzaW9uT2ZQYXBlci5wZGYAABMAAS8AABUAAgAN//8AAAAIAA0AGgAkAHIAAAAAAAACAQAAAAAAAAAFAAAAAAAAAAAAAAAAAAACMg==},
	Bdsk-File-2 = {YnBsaXN0MDDSAQIDBFxyZWxhdGl2ZVBhdGhZYWxpYXNEYXRhXxBZLi4vLi4vLi4vLi4vRG93bmxvYWRzL2V2YWx1YXRpbmctcmVwbGljYWJpbGl0eS1vZi1sYWJvcmF0b3J5LWV4cGVyaW1lbnRzLWluLWVjb25vbWljcy5iaWJPEQIuAAAAAAIuAAIAAAxNYWNpbnRvc2ggSEQAAAAAAAAAAAAAAAAAAADOl3ODSCsAAAAI92kfZXZhbHVhdGluZy1yZXBsaWNhYiNEOEExMEJBLmJpYgAAAAAAAAAAAAAAAAAAAAAAAAAAAAAAAAAAAAAAAAAADYoQutWU19YAAAAAAAAAAAAEAAIAAAkgAAAAAAAAAAAAAAAAAAAACURvd25sb2FkcwAAEAAIAADOl6vDAAAAEQAIAADVlRAWAAAAAQAMAAj3aQAI92YAAmSOAAIARk1hY2ludG9zaCBIRDpVc2VyczoAc21pdGhzOgBEb3dubG9hZHM6AGV2YWx1YXRpbmctcmVwbGljYWIjRDhBMTBCQS5iaWIADgCIAEMAZQB2AGEAbAB1AGEAdABpAG4AZwAtAHIAZQBwAGwAaQBjAGEAYgBpAGwAaQB0AHkALQBvAGYALQBsAGEAYgBvAHIAYQB0AG8AcgB5AC0AZQB4AHAAZQByAGkAbQBlAG4AdABzAC0AaQBuAC0AZQBjAG8AbgBvAG0AaQBjAHMALgBiAGkAYgAPABoADABNAGEAYwBpAG4AdABvAHMAaAAgAEgARAASAFpVc2Vycy9zbWl0aHMvRG93bmxvYWRzL2V2YWx1YXRpbmctcmVwbGljYWJpbGl0eS1vZi1sYWJvcmF0b3J5LWV4cGVyaW1lbnRzLWluLWVjb25vbWljcy5iaWIAEwABLwAAFQACAA3//wAAAAgADQAaACQAgAAAAAAAAAIBAAAAAAAAAAUAAAAAAAAAAAAAAAAAAAKy}}

@inproceedings{ParnasEtAl1984,
	Author = {D.L. Parnas and P.C. Clement and D. M. Weiss},
	Booktitle = {International Conference on Software Engineering},
	Date-Added = {2017-10-23 20:16:11 +0000},
	Date-Modified = {2017-10-23 20:16:11 +0000},
	Pages = {408-419},
	Title = {The modular structure of complex systems},
	Year = {1984},
	Bdsk-File-1 = {YnBsaXN0MDDSAQIDBFxyZWxhdGl2ZVBhdGhZYWxpYXNEYXRhXxA2Li4vLi4vc2U0c2MvU2NpQ29tcEFuZFNvZnRFbmdQYXBlcnMvUGFybmFzRXRBbDE5ODQucGRmTxEBnAAAAAABnAACAAAMTWFjaW50b3NoIEhEAAAAAAAAAAAAAAAAAAAAAAAAAEJEAAH/////ElBhcm5hc0V0QWwxOTg0LnBkZgAAAAAAAAAAAAAAAAAAAAAAAAAAAAAAAAAAAAAAAAAAAAAAAAAAAAAAAAAAAP////8AAAAAAAAAAAAAAAAAAgADAAAKIGN1AAAAAAAAAAAAAAAAABdTY2lDb21wQW5kU29mdEVuZ1BhcGVycwAAAgBFLzpVc2VyczpzbWl0aHM6UmVwb3M6c2U0c2M6U2NpQ29tcEFuZFNvZnRFbmdQYXBlcnM6UGFybmFzRXRBbDE5ODQucGRmAAAOACYAEgBQAGEAcgBuAGEAcwBFAHQAQQBsADEAOQA4ADQALgBwAGQAZgAPABoADABNAGEAYwBpAG4AdABvAHMAaAAgAEgARAASAENVc2Vycy9zbWl0aHMvUmVwb3Mvc2U0c2MvU2NpQ29tcEFuZFNvZnRFbmdQYXBlcnMvUGFybmFzRXRBbDE5ODQucGRmAAATAAEvAAAVAAIADf//AAAACAANABoAJABdAAAAAAAAAgEAAAAAAAAABQAAAAAAAAAAAAAAAAAAAf0=}}

@inproceedings{Parnas1974,
	Author = {David L. Parnas},
	Booktitle = {IFIP Congress 74},
	Date-Added = {2017-10-23 19:36:16 +0000},
	Date-Modified = {2017-10-23 19:36:16 +0000},
	Pages = {336-339},
	Publisher = {North Holland Publishing Company},
	Title = {On a 'Buzzword': Hierarchical Structure},
	Year = {1974}}

@inproceedings{KellyAndShepard2000,
	Author = {Diane Kelly and Terry Shepard},
	Booktitle = {CASCON '00: Proceedings of the 2000 conference of the Centre for Advanced Studies on Collaborative research},
	Date-Added = {2017-10-16 13:46:41 +0000},
	Date-Modified = {2017-10-16 13:46:41 +0000},
	Local-Url = {file://localhost/Users/smiths/LongTermArchives/Work/Research/References/SciCompAndSoftEng/KellyAndShepard2000.pdf},
	Location = {Mississauga, Ontario, Canada},
	Pages = {6},
	Publisher = {IBM Press},
	Title = {Task-directed software inspection technique: an experiment and case study},
	Url = {http://portal.acm.org/citation.cfm?id=782040#},
	Year = {2000},
	Bdsk-File-1 = {YnBsaXN0MDDSAQIDBFxyZWxhdGl2ZVBhdGhZYWxpYXNEYXRhXxAXS2VsbHlBbmRTaGVwYXJkMjAwMC5wZGZPEQGgAAAAAAGgAAIAAAxNYWNpbnRvc2ggSEQAAAAAAAAAAAAAAAAAAAAAAAAAQkQAAf////8XS2VsbHlBbmRTaGVwYXJkMjAwMC5wZGYAAAAAAAAAAAAAAAAAAAAAAAAAAAAAAAAAAAAAAAAAAAAAAAAAAAAA/////wAAAAAAAAAAAAAAAAABAAIAAAogY3UAAAAAAAAAAAAAAAAAEVJlZmVyZW5jZU1hdGVyaWFsAAACAEUvOlVzZXJzOnNtaXRoczpSZXBvczpjYXM3NDE6UmVmZXJlbmNlTWF0ZXJpYWw6S2VsbHlBbmRTaGVwYXJkMjAwMC5wZGYAAA4AMAAXAEsAZQBsAGwAeQBBAG4AZABTAGgAZQBwAGEAcgBkADIAMAAwADAALgBwAGQAZgAPABoADABNAGEAYwBpAG4AdABvAHMAaAAgAEgARAASAENVc2Vycy9zbWl0aHMvUmVwb3MvY2FzNzQxL1JlZmVyZW5jZU1hdGVyaWFsL0tlbGx5QW5kU2hlcGFyZDIwMDAucGRmAAATAAEvAAAVAAIADf//AAAACAANABoAJAA+AAAAAAAAAgEAAAAAAAAABQAAAAAAAAAAAAAAAAAAAeI=},
	Bdsk-Url-1 = {http://portal.acm.org/citation.cfm?id=782040#}}

@inproceedings{ShepardAndKelly2001,
	Author = {Shepard, Terry and Kelly, Diane},
	Booktitle = {Proceedings of the 23rd International Conference on Software Engineering},
	Date-Added = {2017-10-16 13:46:41 +0000},
	Date-Modified = {2017-10-16 13:46:41 +0000},
	Organization = {IEEE Computer Society},
	Pages = {718},
	Title = {How to do inspections when there is no time},
	Year = {2001},
	Bdsk-File-1 = {YnBsaXN0MDDSAQIDBFxyZWxhdGl2ZVBhdGhZYWxpYXNEYXRhXxAXU2hlcGFyZEFuZEtlbGx5MjAwMS5wZGZPEQGgAAAAAAGgAAIAAAxNYWNpbnRvc2ggSEQAAAAAAAAAAAAAAAAAAAAAAAAAQkQAAf////8XU2hlcGFyZEFuZEtlbGx5MjAwMS5wZGYAAAAAAAAAAAAAAAAAAAAAAAAAAAAAAAAAAAAAAAAAAAAAAAAAAAAA/////wAAAAAAAAAAAAAAAAABAAIAAAogY3UAAAAAAAAAAAAAAAAAEVJlZmVyZW5jZU1hdGVyaWFsAAACAEUvOlVzZXJzOnNtaXRoczpSZXBvczpjYXM3NDE6UmVmZXJlbmNlTWF0ZXJpYWw6U2hlcGFyZEFuZEtlbGx5MjAwMS5wZGYAAA4AMAAXAFMAaABlAHAAYQByAGQAQQBuAGQASwBlAGwAbAB5ADIAMAAwADEALgBwAGQAZgAPABoADABNAGEAYwBpAG4AdABvAHMAaAAgAEgARAASAENVc2Vycy9zbWl0aHMvUmVwb3MvY2FzNzQxL1JlZmVyZW5jZU1hdGVyaWFsL1NoZXBhcmRBbmRLZWxseTIwMDEucGRmAAATAAEvAAAVAAIADf//AAAACAANABoAJAA+AAAAAAAAAgEAAAAAAAAABQAAAAAAAAAAAAAAAAAAAeI=}}

@incollection{KanewalaAndLundgren2016,
	Author = {Upulee Kanewala and Anders Lundgren},
	Booktitle = {Software Engineering for Science},
	Chapter = {Examples of the Application of Traditional Software Engineering Practices to Science},
	Date-Added = {2017-10-10 15:14:43 +0000},
	Date-Modified = {2017-10-10 15:14:43 +0000},
	Editor = {Jeffrey C. Carver and Neil Chue Hong and George Thiruvathukal},
	Pages = {151--174},
	Publisher = {Taylor \& Francis},
	Series = {Chapman \& Hall/{CRC} Computational Science},
	Title = {Automated Metamorphic Testing of Scientific Software},
	Year = {2016},
	Bdsk-File-1 = {YnBsaXN0MDDSAQIDBFxyZWxhdGl2ZVBhdGhZYWxpYXNEYXRhXxAhLi4vLi4vLi4vLi4vRG93bmxvYWRzL3NjaWVuY2UuYmliTxEBcgAAAAABcgACAAAMTWFjaW50b3NoIEhEAAAAAAAAAAAAAAAAAAAAzpdzg0grAAAACPdpC3NjaWVuY2UuYmliAAAAAAAAAAAAAAAAAAAAAAAAAAAAAAAAAAAAAAAAAAAAAAAAAAAAAAAAAAAAAAAAAAAAAAjOzjrTOpfWAAAAAAAAAAAABAACAAAJIAAAAAAAAAAAAAAAAAAAAAlEb3dubG9hZHMAABAACAAAzperwwAAABEACAAA0zrQFgAAAAEADAAI92kACPdmAAJkjgACADJNYWNpbnRvc2ggSEQ6VXNlcnM6AHNtaXRoczoARG93bmxvYWRzOgBzY2llbmNlLmJpYgAOABgACwBzAGMAaQBlAG4AYwBlAC4AYgBpAGIADwAaAAwATQBhAGMAaQBuAHQAbwBzAGgAIABIAEQAEgAiVXNlcnMvc21pdGhzL0Rvd25sb2Fkcy9zY2llbmNlLmJpYgATAAEvAAAVAAIADf//AAAACAANABoAJABIAAAAAAAAAgEAAAAAAAAABQAAAAAAAAAAAAAAAAAAAb4=}}

@article{Kanewala2015,
	Author = {Upulee Kanewala and James M. Bieman and Asa Ben-Hur},
	Date-Added = {2017-10-10 15:10:19 +0000},
	Date-Modified = {2017-10-10 15:10:19 +0000},
	Journal = {Software Testing Verification and Reliability},
	Title = {Predicting Metamorphic Relations for Testing Scientific Software: A Machine Learning Approach Using Graph Kernels},
	Volume = {preprint},
	Year = {2015},
	Bdsk-File-1 = {YnBsaXN0MDDSAQIDBFxyZWxhdGl2ZVBhdGhZYWxpYXNEYXRhXxA4Li4vLi4vc2U0c2MvU2NpQ29tcEFuZFNvZnRFbmdQYXBlcnMvS2FuZXdhbGFFdEFsMjAxNC5wZGZPEQGkAAAAAAGkAAIAAAxNYWNpbnRvc2ggSEQAAAAAAAAAAAAAAAAAAAAAAAAAQkQAAf////8US2FuZXdhbGFFdEFsMjAxNC5wZGYAAAAAAAAAAAAAAAAAAAAAAAAAAAAAAAAAAAAAAAAAAAAAAAAAAAAAAAAA/////wAAAAAAAAAAAAAAAAACAAMAAAogY3UAAAAAAAAAAAAAAAAAF1NjaUNvbXBBbmRTb2Z0RW5nUGFwZXJzAAACAEcvOlVzZXJzOnNtaXRoczpSZXBvczpzZTRzYzpTY2lDb21wQW5kU29mdEVuZ1BhcGVyczpLYW5ld2FsYUV0QWwyMDE0LnBkZgAADgAqABQASwBhAG4AZQB3AGEAbABhAEUAdABBAGwAMgAwADEANAAuAHAAZABmAA8AGgAMAE0AYQBjAGkAbgB0AG8AcwBoACAASABEABIARVVzZXJzL3NtaXRocy9SZXBvcy9zZTRzYy9TY2lDb21wQW5kU29mdEVuZ1BhcGVycy9LYW5ld2FsYUV0QWwyMDE0LnBkZgAAEwABLwAAFQACAA3//wAAAAgADQAaACQAXwAAAAAAAAIBAAAAAAAAAAUAAAAAAAAAAAAAAAAAAAIH}}

@inproceedings{KanewalaAndBieman2013,
	Author = {U. Kanewala and J. M. Bieman},
	Booktitle = {Software Engineering for Computational Science and Engineering (SE-CSE), 2013 5th International Workshop on},
	Date-Added = {2017-10-10 15:10:19 +0000},
	Date-Modified = {2017-10-10 15:10:19 +0000},
	Doi = {10.1109/SECSE.2013.6615099},
	Keywords = {learning (artificial intelligence);program diagnostics;program testing;domain knowledge;fault finding ability;machine learning;metamorphic testing;run-time assertions;scientific programs;software testing;static analysis;structural analysis;test oracles;Automation;Decision trees;Predictive models;Software;Software testing;Training;Assertion checking;Machine learning;Metamorphic relation;Metamorphic testing;Mutation analysis;Scientific software testing;Test oracles},
	Month = {May},
	Pages = {48-57},
	Title = {Techniques for testing scientific programs without an oracle},
	Year = {2013},
	Bdsk-File-1 = {YnBsaXN0MDDSAQIDBFxyZWxhdGl2ZVBhdGhZYWxpYXNEYXRhXxA9Li4vLi4vc2U0c2MvU2NpQ29tcEFuZFNvZnRFbmdQYXBlcnMvS2FuZXdhbGFBbmRCaWVtYW4yMDEzLnBkZk8RAbYAAAAAAbYAAgAADE1hY2ludG9zaCBIRAAAAAAAAAAAAAAAAAAAAAAAAABCRAAB/////xlLYW5ld2FsYUFuZEJpZW1hbjIwMTMucGRmAAAAAAAAAAAAAAAAAAAAAAAAAAAAAAAAAAAAAAAAAAAAAAAAAAD/////AAAAAAAAAAAAAAAAAAIAAwAACiBjdQAAAAAAAAAAAAAAAAAXU2NpQ29tcEFuZFNvZnRFbmdQYXBlcnMAAAIATC86VXNlcnM6c21pdGhzOlJlcG9zOnNlNHNjOlNjaUNvbXBBbmRTb2Z0RW5nUGFwZXJzOkthbmV3YWxhQW5kQmllbWFuMjAxMy5wZGYADgA0ABkASwBhAG4AZQB3AGEAbABhAEEAbgBkAEIAaQBlAG0AYQBuADIAMAAxADMALgBwAGQAZgAPABoADABNAGEAYwBpAG4AdABvAHMAaAAgAEgARAASAEpVc2Vycy9zbWl0aHMvUmVwb3Mvc2U0c2MvU2NpQ29tcEFuZFNvZnRFbmdQYXBlcnMvS2FuZXdhbGFBbmRCaWVtYW4yMDEzLnBkZgATAAEvAAAVAAIADf//AAAACAANABoAJABkAAAAAAAAAgEAAAAAAAAABQAAAAAAAAAAAAAAAAAAAh4=},
	Bdsk-Url-1 = {http://dx.doi.org/10.1109/SECSE.2013.6615099}}

@article{Hickey2001,
	Acmid = {502106},
	Address = {New York, NY, USA},
	Author = {Hickey, Timothy and Ju, Qun and Van Emden, Maarten H.},
	Date-Added = {2017-10-06 03:04:59 +0000},
	Date-Modified = {2017-10-06 03:04:59 +0000},
	Doi = {10.1145/502102.502106},
	Issn = {0004-5411},
	Issue_Date = {September 2001},
	Journal = {J. ACM},
	Month = sep,
	Number = {5},
	Numpages = {31},
	Pages = {1038--1068},
	Publisher = {ACM},
	Title = {Interval Arithmetic: From Principles to Implementation},
	Url = {http://doi.acm.org/10.1145/502102.502106},
	Volume = {48},
	Year = {2001},
	Bdsk-File-1 = {YnBsaXN0MDDSAQIDBFxyZWxhdGl2ZVBhdGhZYWxpYXNEYXRhXxAwLi4vLi4vLi4vV29yay9SZXNlYXJjaC9SZWZlcmVuY2VzL0hpY2tleTIwMDEucGRmTxEBZgAAAAABZgACAAAMTWFjaW50b3NoIEhEAAAAAAAAAAAAAAAAAAAAAAAAAEJEAAH/////DkhpY2tleTIwMDEucGRmAAAAAAAAAAAAAAAAAAAAAAAAAAAAAAAAAAAAAAAAAAAAAAAAAAAAAAAAAAAAAAAAAP////8AAAAAAAAAAAAAAAAAAwAEAAAKIGN1AAAAAAAAAAAAAAAAAApSZWZlcmVuY2VzAAIANi86VXNlcnM6c21pdGhzOldvcms6UmVzZWFyY2g6UmVmZXJlbmNlczpIaWNrZXkyMDAxLnBkZgAOAB4ADgBIAGkAYwBrAGUAeQAyADAAMAAxAC4AcABkAGYADwAaAAwATQBhAGMAaQBuAHQAbwBzAGgAIABIAEQAEgA0VXNlcnMvc21pdGhzL1dvcmsvUmVzZWFyY2gvUmVmZXJlbmNlcy9IaWNrZXkyMDAxLnBkZgATAAEvAAAVAAIADf//AAAACAANABoAJABXAAAAAAAAAgEAAAAAAAAABQAAAAAAAAAAAAAAAAAAAcE=},
	Bdsk-Url-1 = {http://doi.acm.org/10.1145/502102.502106},
	Bdsk-Url-2 = {http://dx.doi.org/10.1145/502102.502106}}

@inproceedings{HookAndKelly2009,
	Acmid = {1556936},
	Address = {Washington, DC, USA},
	Author = {Hook, Daniel and Kelly, Diane},
	Booktitle = {Proceedings of the 2009 ICSE Workshop on Software Engineering for Computational Science and Engineering},
	Date-Added = {2017-10-06 02:42:19 +0000},
	Date-Modified = {2017-10-06 02:42:19 +0000},
	Doi = {10.1109/SECSE.2009.5069163},
	Isbn = {978-1-4244-3737-5},
	Numpages = {6},
	Pages = {59--64},
	Publisher = {IEEE Computer Society},
	Series = {SECSE '09},
	Title = {Testing for Trustworthiness in Scientific Software},
	Url = {http://dx.doi.org/10.1109/SECSE.2009.5069163},
	Year = {2009},
	Bdsk-File-1 = {YnBsaXN0MDDSAQIDBFxyZWxhdGl2ZVBhdGhZYWxpYXNEYXRhXxA2Li4vLi4vLi4vV29yay9SZXNlYXJjaC9SZWZlcmVuY2VzL0hvb2tBbmRLZWxseTIwMDkucGRmTxEBfgAAAAABfgACAAAMTWFjaW50b3NoIEhEAAAAAAAAAAAAAAAAAAAAAAAAAEJEAAH/////FEhvb2tBbmRLZWxseTIwMDkucGRmAAAAAAAAAAAAAAAAAAAAAAAAAAAAAAAAAAAAAAAAAAAAAAAAAAAAAAAAAP////8AAAAAAAAAAAAAAAAAAwAEAAAKIGN1AAAAAAAAAAAAAAAAAApSZWZlcmVuY2VzAAIAPC86VXNlcnM6c21pdGhzOldvcms6UmVzZWFyY2g6UmVmZXJlbmNlczpIb29rQW5kS2VsbHkyMDA5LnBkZgAOACoAFABIAG8AbwBrAEEAbgBkAEsAZQBsAGwAeQAyADAAMAA5AC4AcABkAGYADwAaAAwATQBhAGMAaQBuAHQAbwBzAGgAIABIAEQAEgA6VXNlcnMvc21pdGhzL1dvcmsvUmVzZWFyY2gvUmVmZXJlbmNlcy9Ib29rQW5kS2VsbHkyMDA5LnBkZgATAAEvAAAVAAIADf//AAAACAANABoAJABdAAAAAAAAAgEAAAAAAAAABQAAAAAAAAAAAAAAAAAAAd8=},
	Bdsk-Url-1 = {http://dx.doi.org/10.1109/SECSE.2009.5069163}}

@inproceedings{BastarricaAndHitschfeld-Kahler2004,
	Author = {Bastarrica, M Cecilia and Hitschfeld-Kahler, Nancy},
	Booktitle = {International Meshing Roundtable},
	Date-Added = {2017-09-14 20:51:36 +0000},
	Date-Modified = {2017-09-14 20:51:36 +0000},
	Organization = {Citeseer},
	Pages = {203--212},
	Title = {An Evolvable Meshing Tool Through a Flexible Object-Oriented Design.},
	Year = {2004},
	Bdsk-File-1 = {YnBsaXN0MDDSAQIDBFxyZWxhdGl2ZVBhdGhZYWxpYXNEYXRhXxBILi4vLi4vLi4vV29yay9SZXNlYXJjaC9SZWZlcmVuY2VzL0Jhc3RhcnJpY2FBbmRIaXRzY2hmZWxkLUthaGxlcjIwMDQucGRmTxEBxgAAAAABxgACAAAMTWFjaW50b3NoIEhEAAAAAAAAAAAAAAAAAAAAAAAAAEJEAAH/////H0Jhc3RhcnJpY2FBbmRIaXRzYyNGRkZGRkZGRi5wZGYAAAAAAAAAAAAAAAAAAAAAAAAAAAAAAAAAAAAAAAAAAP////8AAAAAAAAAAAAAAAAAAwAEAAAKIGN1AAAAAAAAAAAAAAAAAApSZWZlcmVuY2VzAAIATi86VXNlcnM6c21pdGhzOldvcms6UmVzZWFyY2g6UmVmZXJlbmNlczpCYXN0YXJyaWNhQW5kSGl0c2NoZmVsZC1LYWhsZXIyMDA0LnBkZgAOAE4AJgBCAGEAcwB0AGEAcgByAGkAYwBhAEEAbgBkAEgAaQB0AHMAYwBoAGYAZQBsAGQALQBLAGEAaABsAGUAcgAyADAAMAA0AC4AcABkAGYADwAaAAwATQBhAGMAaQBuAHQAbwBzAGgAIABIAEQAEgBMVXNlcnMvc21pdGhzL1dvcmsvUmVzZWFyY2gvUmVmZXJlbmNlcy9CYXN0YXJyaWNhQW5kSGl0c2NoZmVsZC1LYWhsZXIyMDA0LnBkZgATAAEvAAAVAAIADf//AAAACAANABoAJABvAAAAAAAAAgEAAAAAAAAABQAAAAAAAAAAAAAAAAAAAjk=}}

@inproceedings{BastarricaEtAl2006,
	Author = {M. Cecilia Bastarrica and Nancy Hitschfeld-Kahler and Pedro O. Rossel},
	Biburl = {http://www.bibsonomy.org/bibtex/2e9f4f53cc36e64502f528f99ae02239c/dblp},
	Booktitle = {ICSR},
	Date = {2006-08-21},
	Date-Added = {2017-09-14 20:51:11 +0000},
	Date-Modified = {2017-09-14 20:51:11 +0000},
	Description = {dblp},
	Editor = {Maurizio Morisio},
	Ee = {http://dx.doi.org/10.1007/11763864_33},
	Isbn = {3-540-34606-6},
	Keywords = {dblp},
	Pages = {403-406},
	Publisher = {Springer},
	Series = {Lecture Notes in Computer Science},
	Title = {Product Line Architecture for a Family of Meshing Tools.},
	Url = {http://dblp.uni-trier.de/db/conf/icsr/icsr2006.html#BastarricaHR06},
	Volume = {4039},
	Year = {2006},
	Bdsk-Url-1 = {http://dblp.uni-trier.de/db/conf/icsr/icsr2006.html#BastarricaHR06}}

@inproceedings{BastarricaAndHitschfeld2004,
	Address = {Williamsburg, Virginia},
	Author = {Mar\'{i}a Cecilia Bastarrica and Nancy Hischfeld-Kahler},
	Booktitle = {Proceedings of the 13th International Meshing Roundtable},
	Date-Added = {2017-09-14 20:51:11 +0000},
	Date-Modified = {2017-09-14 20:51:11 +0000},
	Local-Url = {file://localhost/Users/smiths/LongTermArchives/Work/Research/References/MeshGeneration/Bastarrica2004.pdf},
	Pages = {203--212},
	Publisher = {Sandia National Laboratories},
	Title = {An Evolvable Meshing Tool Through a Flexible Object-Oriented Design, September 2004},
	Year = {2004},
	Bdsk-File-1 = {YnBsaXN0MDDSAQIDBFxyZWxhdGl2ZVBhdGhZYWxpYXNEYXRhXxBXLi4vLi4vLi4vLi4vTG9uZ1Rlcm1BcmNoaXZlcy9Xb3JrL1Jlc2VhcmNoL1JlZmVyZW5jZXMvTWVzaEdlbmVyYXRpb24vQmFzdGFycmljYTIwMDQucGRmTxEB/gAAAAAB/gACAAAMTWFjaW50b3NoIEhEAAAAAAAAAAAAAAAAAAAAxsVhAEgrAAAAEqeJEkJhc3RhcnJpY2EyMDA0LnBkZgAAAAAAAAAAAAAAAAAAAAAAAAAAAAAAAAAAAAAAAAAAAAAAAAAAAAAAAAAAAAASs7zITnQ2AAAAAAAAAAAABAAGAAAJIAAAAAAAAAAAAAAAAAAAAA5NZXNoR2VuZXJhdGlvbgAQAAgAAMbFmUAAAAARAAgAAMhOrHYAAAABABwAEqeJABKiNgASoMoAEqCpABKgpQAIWfcAAHxjAAIAZU1hY2ludG9zaCBIRDpVc2VyczpzbWl0aHM6TG9uZ1Rlcm1BcmNoaXZlczpXb3JrOlJlc2VhcmNoOlJlZmVyZW5jZXM6TWVzaEdlbmVyYXRpb246QmFzdGFycmljYTIwMDQucGRmAAAOACYAEgBCAGEAcwB0AGEAcgByAGkAYwBhADIAMAAwADQALgBwAGQAZgAPABoADABNAGEAYwBpAG4AdABvAHMAaAAgAEgARAASAFhVc2Vycy9zbWl0aHMvTG9uZ1Rlcm1BcmNoaXZlcy9Xb3JrL1Jlc2VhcmNoL1JlZmVyZW5jZXMvTWVzaEdlbmVyYXRpb24vQmFzdGFycmljYTIwMDQucGRmABMAAS8AABUAAgAN//8AAAAIAA0AGgAkAH4AAAAAAAACAQAAAAAAAAAFAAAAAAAAAAAAAAAAAAACgA==}}

@inproceedings{Bastarrica2002,
	Author = {Mar\'{i}a Cecilia Bastarrica},
	Booktitle = {Proceedings of the XXVIII Latin American Conference of Informatics, {CLEI'2002}, Montevideo, Uruguay},
	Date-Added = {2017-09-14 20:51:11 +0000},
	Date-Modified = {2017-09-14 20:51:11 +0000},
	Pages = {119},
	Title = {Base Architecture in a Software Product Line},
	Year = {2002}}

@article{RosselEtAl2014,
	Author = {Pedro O. Rossel and Mar{\'{\i}}a Cecilia Bastarrica and Nancy Hitschfeld{-}Kahler and Violeta D{\'{\i}}az and Mario Medina},
	Bibsource = {dblp computer science bibliography, http://dblp.org},
	Biburl = {http://dblp.uni-trier.de/rec/bib/journals/aes/RosselBHDM14},
	Date-Added = {2017-09-14 20:51:01 +0000},
	Date-Modified = {2017-09-14 20:51:01 +0000},
	Doi = {10.1016/j.advengsoft.2014.01.011},
	Journal = {Advances in Engineering Software},
	Pages = {77--89},
	Timestamp = {Thu, 02 Oct 2014 16:18:42 +0200},
	Title = {Domain modeling as a basis for building a meshing tool software product line},
	Url = {http://dx.doi.org/10.1016/j.advengsoft.2014.01.011},
	Volume = {70},
	Year = {2014},
	Bdsk-File-1 = {YnBsaXN0MDDSAQIDBFxyZWxhdGl2ZVBhdGhZYWxpYXNEYXRhXxA0Li4vLi4vLi4vV29yay9SZXNlYXJjaC9SZWZlcmVuY2VzL1Jvc3NlbEV0QWwyMDE0LnBkZk8RAXYAAAAAAXYAAgAADE1hY2ludG9zaCBIRAAAAAAAAAAAAAAAAAAAAAAAAABCRAAB/////xJSb3NzZWxFdEFsMjAxNC5wZGYAAAAAAAAAAAAAAAAAAAAAAAAAAAAAAAAAAAAAAAAAAAAAAAAAAAAAAAAAAAD/////AAAAAAAAAAAAAAAAAAMABAAACiBjdQAAAAAAAAAAAAAAAAAKUmVmZXJlbmNlcwACADovOlVzZXJzOnNtaXRoczpXb3JrOlJlc2VhcmNoOlJlZmVyZW5jZXM6Um9zc2VsRXRBbDIwMTQucGRmAA4AJgASAFIAbwBzAHMAZQBsAEUAdABBAGwAMgAwADEANAAuAHAAZABmAA8AGgAMAE0AYQBjAGkAbgB0AG8AcwBoACAASABEABIAOFVzZXJzL3NtaXRocy9Xb3JrL1Jlc2VhcmNoL1JlZmVyZW5jZXMvUm9zc2VsRXRBbDIwMTQucGRmABMAAS8AABUAAgAN//8AAAAIAA0AGgAkAFsAAAAAAAACAQAAAAAAAAAFAAAAAAAAAAAAAAAAAAAB1Q==},
	Bdsk-Url-1 = {http://dx.doi.org/10.1016/j.advengsoft.2014.01.011}}

@article{CukaAndWeiss1997,
	Annote = {Apparently this article was never published in this form.  It looks like it was published as Engineering Domains: Executable Commands as an Example.},
	Author = {David A. Cuka and David M. Weiss},
	Date-Added = {2017-09-14 20:49:28 +0000},
	Date-Modified = {2017-09-14 20:49:28 +0000},
	Journal = {Submitted to IEEE Transactions on Software Engineering},
	Keywords = {software engineering, domain analysis, domain engineering, families, software process, application-oriented languages},
	Local-Url = {/Users/smiths/LongTermArchives/Work/Research/References/ProgramFamilies/CukaAndWeiss.pdf},
	Pages = {1 - 12},
	Title = {Specifying Executable Commands: An example of {FAST} domain engineering},
	Url = {http://www.research.avayalabs.com/user/weiss/Publications.html},
	Year = {Submitted 1997},
	Bdsk-File-1 = {YnBsaXN0MDDSAQIDBFxyZWxhdGl2ZVBhdGhZYWxpYXNEYXRhXxB/Li4vLi4vLi4vLi4vLi4vLi4vVm9sdW1lcy9CYWNrdXAvTG9uZ1Rlcm1BcmNoaXZlc0xhc3RDaGFuZ2VNYXkxMF8yMDEyL1dvcmsvUmVzZWFyY2gvUmVmZXJlbmNlcy9Qcm9ncmFtRmFtaWxpZXMvQ3VrYUFuZFdlaXNzLnBkZk8RAfgAAAAAAfgAAgAABkJhY2t1cAAAAAAAAAAAAAAAAAAAAAAAAAAAAMphtaVIKwAAAcnnIRBDdWthQW5kV2Vpc3MucGRmAAAAAAAAAAAAAAAAAAAAAAAAAAAAAAAAAAAAAAAAAAAAAAAAAAAAAAAAAAAAAAAByecnyE50NFBERiBwcnZ3/////wAACQAAAAAAAAAAAAAAAAAAAAAPUHJvZ3JhbUZhbWlsaWVzAAAQAAgAAMph7eUAAAARAAgAAMhOrHQAAAABABQByechAcnklgHJ4H0BycfSAcmqbAACAGVCYWNrdXA6TG9uZ1Rlcm1BcmNoaXZlc0xhc3RDaGEjMUM5QUE2QzoAV29yazoAUmVzZWFyY2g6AFJlZmVyZW5jZXM6AFByb2dyYW1GYW1pbGllczoAQ3VrYUFuZFdlaXNzLnBkZgAADgAiABAAQwB1AGsAYQBBAG4AZABXAGUAaQBzAHMALgBwAGQAZgAPAA4ABgBCAGEAYwBrAHUAcAASAF8vTG9uZ1Rlcm1BcmNoaXZlc0xhc3RDaGFuZ2VNYXkxMF8yMDEyL1dvcmsvUmVzZWFyY2gvUmVmZXJlbmNlcy9Qcm9ncmFtRmFtaWxpZXMvQ3VrYUFuZFdlaXNzLnBkZgAAEwAPL1ZvbHVtZXMvQmFja3VwAP//AAAACAANABoAJACmAAAAAAAAAgEAAAAAAAAABQAAAAAAAAAAAAAAAAAAAqI=},
	Bdsk-Url-1 = {http://www.research.avayalabs.com/user/weiss/Publications.html}}

@techreport{CaretteEtAl2007_TR,
	Annote = {Acknowledgment: NSERC},
	Author = {Jacques Carette and W. Spencer Smith and John McCutchan and Christopher Anand and Alexandre Korobkine},
	Date-Added = {2017-09-14 20:48:49 +0000},
	Date-Modified = {2017-09-14 20:48:49 +0000},
	Institution = {Software Quality Research Laboratory, McMaster University},
	Month = {December},
	Note = {41 pp},
	Number = {48},
	Title = {Model manipulation as part of a better development process for scientific computing code},
	Year = {2007},
	Bdsk-File-1 = {YnBsaXN0MDDSAQIDBFxyZWxhdGl2ZVBhdGhZYWxpYXNEYXRhXxAvLi4vLi4vT0xEX1NWTi9tbXNjT0xEX1NWTi9NTVNDX1RSL1NRUkxfVFI0OC5wZGZPEQFyAAAAAAFyAAIAAAxNYWNpbnRvc2ggSEQAAAAAAAAAAAAAAAAAAAAAAAAAQkQAAf////8NU1FSTF9UUjQ4LnBkZgAAAAAAAAAAAAAAAAAAAAAAAAAAAAAAAAAAAAAAAAAAAAAAAAAAAAAAAAAAAAAAAAAA/////wAAAAAAAAAAAAAAAAACAAQAAAogY3UAAAAAAAAAAAAAAAAAB01NU0NfVFIAAAIAPi86VXNlcnM6c21pdGhzOlJlcG9zOk9MRF9TVk46bW1zY09MRF9TVk46TU1TQ19UUjpTUVJMX1RSNDgucGRmAA4AHAANAFMAUQBSAEwAXwBUAFIANAA4AC4AcABkAGYADwAaAAwATQBhAGMAaQBuAHQAbwBzAGgAIABIAEQAEgA8VXNlcnMvc21pdGhzL1JlcG9zL09MRF9TVk4vbW1zY09MRF9TVk4vTU1TQ19UUi9TUVJMX1RSNDgucGRmABMAAS8AABUAAgAN//8AAAAIAA0AGgAkAFYAAAAAAAACAQAAAAAAAAAFAAAAAAAAAAAAAAAAAAABzA==}}

@inbook{CaretteEtAl2008,
	Address = {Birmingham, UK},
	Author = {Jacques Carette and W. Spencer Smith and John McCutchan and Christopher Anand and Alexandre Korobkine},
	Chapter = {Case Studies in Model Manipulation for Scientific Computing},
	Date-Added = {2017-09-14 20:48:35 +0000},
	Date-Modified = {2017-09-14 20:48:35 +0000},
	Local-Url = {/Users/smiths/Work/Research/Papers/mmsc/aisc08/CaretteEtAl2008_AsPublished.pdf},
	Pages = {24--37},
	Publisher = {Springer Berlin / Heidelberg},
	Series = {Lecture Notes in Computer Science},
	Title = {Intelligent Computer Mathematics, 9th International Conference, AISC 2008},
	Url = {{http://dx.doi.org/10.1007/978-3-540-85110-3_4}},
	Year = {2008},
	Bdsk-File-1 = {YnBsaXN0MDDSAQIDBFxyZWxhdGl2ZVBhdGhZYWxpYXNEYXRhXxBjLi4vLi4vLi4vV29yay9UZWFjaGluZy9DQVM3NDEvMjAwOS9XZWJQYWdlSW5mby9DQVM3NDEvUHJvZ3JhbUZhbWlseS9DYXJldHRlRXRBbDIwMDhfQXNQdWJsaXNoZWQucGRmTxEB9AAAAAAB9AACAAAMTWFjaW50b3NoIEhEAAAAAAAAAAAAAAAAAAAAAAAAAEJEAAH/////H0NhcmV0dGVFdEFsMjAwOF9Bc1B1Ymxpc2hlZC5wZGYAAAAAAAAAAAAAAAAAAAAAAAAAAAAAAAAAAAAAAAAAAP////8AAAAAAAAAAAAAAAAAAwAIAAAKIGN1AAAAAAAAAAAAAAAAAA1Qcm9ncmFtRmFtaWx5AAACAGkvOlVzZXJzOnNtaXRoczpXb3JrOlRlYWNoaW5nOkNBUzc0MToyMDA5OldlYlBhZ2VJbmZvOkNBUzc0MTpQcm9ncmFtRmFtaWx5OkNhcmV0dGVFdEFsMjAwOF9Bc1B1Ymxpc2hlZC5wZGYAAA4AQAAfAEMAYQByAGUAdAB0AGUARQB0AEEAbAAyADAAMAA4AF8AQQBzAFAAdQBiAGwAaQBzAGgAZQBkAC4AcABkAGYADwAaAAwATQBhAGMAaQBuAHQAbwBzAGgAIABIAEQAEgBnVXNlcnMvc21pdGhzL1dvcmsvVGVhY2hpbmcvQ0FTNzQxLzIwMDkvV2ViUGFnZUluZm8vQ0FTNzQxL1Byb2dyYW1GYW1pbHkvQ2FyZXR0ZUV0QWwyMDA4X0FzUHVibGlzaGVkLnBkZgAAEwABLwAAFQACAA3//wAAAAgADQAaACQAigAAAAAAAAIBAAAAAAAAAAUAAAAAAAAAAAAAAAAAAAKC},
	Bdsk-Url-1 = {%7Bhttp://dx.doi.org/10.1007/978-3-540-85110-3_4%7D}}

@inproceedings{SmithMcCutchanAndCao2007,
	Address = {Montr\'{e}al, Qu\'{e}bec},
	Author = {W. Spencer Smith and John McCutchan and Fang Cao},
	Booktitle = {7$^{th}$ OOPSLA Workshop on Domain Specific Modelling ({DSM}'07)},
	Date-Added = {2017-09-14 20:47:28 +0000},
	Date-Modified = {2017-09-14 20:47:28 +0000},
	Editor = {Jonathan Sprinkle and Jeff Gray and Matti Rossi and Juha-Pekka Tolvanen},
	Local-Url = {/Users/smiths/Work/Research/Papers/OOPSLA_Workshop2007/ProgFamiliesInSciComp_CameraReady.pdf},
	Month = {October},
	Pages = {39--47},
	Title = {Program Families in Scientific Computing},
	Year = {2007},
	Bdsk-File-1 = {YnBsaXN0MDDSAQIDBFxyZWxhdGl2ZVBhdGhZYWxpYXNEYXRhXxBXLi4vLi4vLi4vV29yay9SZXNlYXJjaC9QYXBlcnMvT09QU0xBX1dvcmtzaG9wMjAwNy9Qcm9nRmFtaWxpZXNJblNjaUNvbXBfQ2FtZXJhUmVhZHkucGRmTxEB7gAAAAAB7gACAAAMTWFjaW50b3NoIEhEAAAAAAAAAAAAAAAAAAAAAAAAAEJEAAH/////H1Byb2dGYW1pbGllc0luU2NpQyNGRkZGRkZGRi5wZGYAAAAAAAAAAAAAAAAAAAAAAAAAAAAAAAAAAAAAAAAAAP////8AAAAAAAAAAAAAAAAAAwAFAAAKIGN1AAAAAAAAAAAAAAAAABNPT1BTTEFfV29ya3Nob3AyMDA3AAACAF0vOlVzZXJzOnNtaXRoczpXb3JrOlJlc2VhcmNoOlBhcGVyczpPT1BTTEFfV29ya3Nob3AyMDA3OlByb2dGYW1pbGllc0luU2NpQ29tcF9DYW1lcmFSZWFkeS5wZGYAAA4ATAAlAFAAcgBvAGcARgBhAG0AaQBsAGkAZQBzAEkAbgBTAGMAaQBDAG8AbQBwAF8AQwBhAG0AZQByAGEAUgBlAGEAZAB5AC4AcABkAGYADwAaAAwATQBhAGMAaQBuAHQAbwBzAGgAIABIAEQAEgBbVXNlcnMvc21pdGhzL1dvcmsvUmVzZWFyY2gvUGFwZXJzL09PUFNMQV9Xb3Jrc2hvcDIwMDcvUHJvZ0ZhbWlsaWVzSW5TY2lDb21wX0NhbWVyYVJlYWR5LnBkZgAAEwABLwAAFQACAA3//wAAAAgADQAaACQAfgAAAAAAAAIBAAAAAAAAAAUAAAAAAAAAAAAAAAAAAAJw}}

@mastersthesis{Cao2006,
	Author = {Fang Cao},
	Date-Added = {2017-09-14 20:47:14 +0000},
	Date-Modified = {2017-09-14 20:47:14 +0000},
	Month = {April},
	School = {McMaster University},
	Title = {A Program Family Approach to Developing Mesh Generators},
	Year = {2006}}

@article{BastarricaAndHitschfeld2006,
	Author = {Mar\'{i}a Cecilia Bastarrica and Nancy Hischfeld-Kahler},
	Date-Added = {2017-09-14 20:47:06 +0000},
	Date-Modified = {2017-09-14 20:47:06 +0000},
	Journal = {Advances in Engineering Software},
	Keywords = {meshing tools, object-oriented design, software product line},
	Local-Url = {file://localhost/Users/smiths/LongTermArchives/Work/Research/References/SciCompAndSoftEng/BastarricaAndHitschfeld2005.pdf},
	Number = {1},
	Pages = {1--10},
	Title = {Designing a product family of meshing tools},
	Volume = {37},
	Year = {2006},
	Bdsk-File-1 = {YnBsaXN0MDDSAQIDBFxyZWxhdGl2ZVBhdGhZYWxpYXNEYXRhXxBnLi4vLi4vLi4vLi4vTG9uZ1Rlcm1BcmNoaXZlcy9Xb3JrL1Jlc2VhcmNoL1JlZmVyZW5jZXMvU2NpQ29tcEFuZFNvZnRFbmcvQmFzdGFycmljYUFuZEhpdHNjaGZlbGQyMDA1LnBkZk8RAjwAAAAAAjwAAgAADE1hY2ludG9zaCBIRAAAAAAAAAAAAAAAAAAAAMbFYQBIKwAAABKnkh9CYXN0YXJyaWNhQW5kSGl0c2NoZmVsZDIwMDUucGRmAAAAAAAAAAAAAAAAAAAAAAAAAAAAAAAAAAAAAAAAAAAAErQvyE50P1BERiBDQVJPAAQABgAACSAAAAAAAAAAAAAAAAAAAAARU2NpQ29tcEFuZFNvZnRFbmcAABAACAAAxsWZQAAAABEACAAAyE6sfwAAAAEAHAASp5IAEqI2ABKgygASoKkAEqClAAhZ9wAAfGMAAgB1TWFjaW50b3NoIEhEOlVzZXJzOnNtaXRoczpMb25nVGVybUFyY2hpdmVzOldvcms6UmVzZWFyY2g6UmVmZXJlbmNlczpTY2lDb21wQW5kU29mdEVuZzpCYXN0YXJyaWNhQW5kSGl0c2NoZmVsZDIwMDUucGRmAAAOAEAAHwBCAGEAcwB0AGEAcgByAGkAYwBhAEEAbgBkAEgAaQB0AHMAYwBoAGYAZQBsAGQAMgAwADAANQAuAHAAZABmAA8AGgAMAE0AYQBjAGkAbgB0AG8AcwBoACAASABEABIAaFVzZXJzL3NtaXRocy9Mb25nVGVybUFyY2hpdmVzL1dvcmsvUmVzZWFyY2gvUmVmZXJlbmNlcy9TY2lDb21wQW5kU29mdEVuZy9CYXN0YXJyaWNhQW5kSGl0c2NoZmVsZDIwMDUucGRmABMAAS8AABUAAgAN//8AAAAIAA0AGgAkAI4AAAAAAAACAQAAAAAAAAAFAAAAAAAAAAAAAAAAAAACzg==}}

@mastersthesis{Chen2003,
	Author = {Chien-Hsien Chen},
	Date-Added = {2017-09-14 20:46:56 +0000},
	Date-Modified = {2017-09-14 20:46:56 +0000},
	Keywords = {sofware engineering, mesh generation, commonality analysis, requirements, modular decomposition, module interface specification},
	School = {McMaster University, Hamilton, Ontario, Canada},
	Title = {A software engineering approach to developing mesh generators},
	Year = {2003}}

@book{Saaty1980,
	Address = {New York, New York},
	Author = {T. L. Saaty},
	Date-Added = {2017-09-14 20:46:45 +0000},
	Date-Modified = {2017-09-14 20:46:45 +0000},
	Publisher = {McGraw-Hill Publishing Company},
	Title = {The Analytic Hierarchy Process: Planning, Priority Setting, Resource Allocation},
	Year = {1980}}

@book{WeissAndLai1999,
	Author = {D. Weiss and C.T.R. Lai},
	Date-Added = {2017-09-14 20:46:33 +0000},
	Date-Modified = {2017-09-14 20:46:33 +0000},
	Publisher = {Addison-Wesley},
	Title = {Software Product Line Engineering: A Family-Based Software Development Process},
	Year = {1999}}

@article{CukaAndWeiss1998,
	Address = {Los Alamitos, CA, USA},
	Author = {D.A. Cuka and D.M. Weiss},
	Date-Added = {2017-09-14 20:46:24 +0000},
	Date-Modified = {2017-09-14 20:46:24 +0000},
	Doi = {http://doi.ieeecomputersociety.org/10.1109/ICSR.1998.685727},
	Issn = {1085-9098},
	Journal = {Software Reuse, International Conference on},
	Pages = {26--34},
	Publisher = {IEEE Computer Society},
	Title = {Engineering Domains: Executable Commands as an Example},
	Year = {1998},
	Bdsk-File-1 = {YnBsaXN0MDDSAQIDBFxyZWxhdGl2ZVBhdGhZYWxpYXNEYXRhXxCDLi4vLi4vLi4vLi4vLi4vLi4vVm9sdW1lcy9CYWNrdXAvTG9uZ1Rlcm1BcmNoaXZlc0xhc3RDaGFuZ2VNYXkxMF8yMDEyL1dvcmsvUmVzZWFyY2gvUmVmZXJlbmNlcy9Qcm9ncmFtRmFtaWxpZXMvQ3VrYUFuZFdlaXNzMTk5OC5wZGZPEQIIAAAAAAIIAAIAAAZCYWNrdXAAAAAAAAAAAAAAAAAAAAAAAAAAAADKYbWlSCsAAAHJ5yEUQ3VrYUFuZFdlaXNzMTk5OC5wZGYAAAAAAAAAAAAAAAAAAAAAAAAAAAAAAAAAAAAAAAAAAAAAAAAAAAAAAAAAAcnnKMhOdDQAAAAAAAAAAP////8AAAkAAAAAAAAAAAAAAAAAAAAAD1Byb2dyYW1GYW1pbGllcwAAEAAIAADKYe3lAAAAEQAIAADITqx0AAAAAQAUAcnnIQHJ5JYByeB9AcnH0gHJqmwAAgBpQmFja3VwOkxvbmdUZXJtQXJjaGl2ZXNMYXN0Q2hhIzFDOUFBNkM6AFdvcms6AFJlc2VhcmNoOgBSZWZlcmVuY2VzOgBQcm9ncmFtRmFtaWxpZXM6AEN1a2FBbmRXZWlzczE5OTgucGRmAAAOACoAFABDAHUAawBhAEEAbgBkAFcAZQBpAHMAcwAxADkAOQA4AC4AcABkAGYADwAOAAYAQgBhAGMAawB1AHAAEgBjL0xvbmdUZXJtQXJjaGl2ZXNMYXN0Q2hhbmdlTWF5MTBfMjAxMi9Xb3JrL1Jlc2VhcmNoL1JlZmVyZW5jZXMvUHJvZ3JhbUZhbWlsaWVzL0N1a2FBbmRXZWlzczE5OTgucGRmAAATAA8vVm9sdW1lcy9CYWNrdXAA//8AAAAIAA0AGgAkAKoAAAAAAAACAQAAAAAAAAAFAAAAAAAAAAAAAAAAAAACtg==},
	Bdsk-Url-1 = {http://doi.ieeecomputersociety.org/10.1109/ICSR.1998.685727}}

@article{Weiss1998,
	Author = {David M. Weiss},
	Date-Added = {2017-09-14 20:46:19 +0000},
	Date-Modified = {2017-09-14 20:46:19 +0000},
	Journal = {Lecture Notes in Computer Science},
	Keywords = {commonality analysis, program families},
	Local-Url = {/Users/smiths/LongTermArchives/Work/Research/References/ProgramFamilies/DefiningFamilies.ARES.pdf},
	Pages = {214--222},
	Title = {Commonality analysis: A systematic process for defining families},
	Url = {citeseer.ist.psu.edu/13585.html},
	Volume = {1429},
	Year = {1998},
	Bdsk-File-1 = {YnBsaXN0MDDSAQIDBFxyZWxhdGl2ZVBhdGhZYWxpYXNEYXRhXxCILi4vLi4vLi4vLi4vLi4vLi4vVm9sdW1lcy9CYWNrdXAvTG9uZ1Rlcm1BcmNoaXZlc0xhc3RDaGFuZ2VNYXkxMF8yMDEyL1dvcmsvUmVzZWFyY2gvUmVmZXJlbmNlcy9Qcm9ncmFtRmFtaWxpZXMvRGVmaW5pbmdGYW1pbGllcy5BUkVTLnBkZk8RAhoAAAAAAhoAAgAABkJhY2t1cAAAAAAAAAAAAAAAAAAAAAAAAAAAAMphtaVIKwAAAcnnIRlEZWZpbmluZ0ZhbWlsaWVzLkFSRVMucGRmAAAAAAAAAAAAAAAAAAAAAAAAAAAAAAAAAAAAAAAAAAAAAAAAAAAByecpyE50N1BERiBwcnZ3/////wAACQAAAAAAAAAAAAAAAAAAAAAPUHJvZ3JhbUZhbWlsaWVzAAAQAAgAAMph7eUAAAARAAgAAMhOrHcAAAABABQByechAcnklgHJ4H0BycfSAcmqbAACAG5CYWNrdXA6TG9uZ1Rlcm1BcmNoaXZlc0xhc3RDaGEjMUM5QUE2QzoAV29yazoAUmVzZWFyY2g6AFJlZmVyZW5jZXM6AFByb2dyYW1GYW1pbGllczoARGVmaW5pbmdGYW1pbGllcy5BUkVTLnBkZgAOADQAGQBEAGUAZgBpAG4AaQBuAGcARgBhAG0AaQBsAGkAZQBzAC4AQQBSAEUAUwAuAHAAZABmAA8ADgAGAEIAYQBjAGsAdQBwABIAaC9Mb25nVGVybUFyY2hpdmVzTGFzdENoYW5nZU1heTEwXzIwMTIvV29yay9SZXNlYXJjaC9SZWZlcmVuY2VzL1Byb2dyYW1GYW1pbGllcy9EZWZpbmluZ0ZhbWlsaWVzLkFSRVMucGRmABMADy9Wb2x1bWVzL0JhY2t1cAD//wAAAAgADQAaACQArwAAAAAAAAIBAAAAAAAAAAUAAAAAAAAAAAAAAAAAAALN},
	Bdsk-Url-1 = {citeseer.ist.psu.edu/13585.html}}

@article{Weiss1997,
	Author = {David M. Weiss},
	Date-Added = {2017-09-14 20:46:14 +0000},
	Date-Modified = {2017-09-14 20:46:14 +0000},
	Journal = {Submitted to IEEE Transactions on Software Engineering},
	Keywords = {software engineering, domain analysis, domain engineering, families, software process, application-oriented languages},
	Local-Url = {/Users/smiths/LongTermArchives/Work/Research/References/ProgramFamilies/DefiningFamilies.pdf},
	Title = {Defining families: The commonality analysis},
	Url = {http://www.research.avayalabs.com/user/weiss/Publications.html},
	Year = {1997},
	Bdsk-File-1 = {YnBsaXN0MDDSAQIDBFxyZWxhdGl2ZVBhdGhZYWxpYXNEYXRhXxCDLi4vLi4vLi4vLi4vLi4vLi4vVm9sdW1lcy9CYWNrdXAvTG9uZ1Rlcm1BcmNoaXZlc0xhc3RDaGFuZ2VNYXkxMF8yMDEyL1dvcmsvUmVzZWFyY2gvUmVmZXJlbmNlcy9Qcm9ncmFtRmFtaWxpZXMvRGVmaW5pbmdGYW1pbGllcy5wZGZPEQIIAAAAAAIIAAIAAAZCYWNrdXAAAAAAAAAAAAAAAAAAAAAAAAAAAADKYbWlSCsAAAHJ5yEURGVmaW5pbmdGYW1pbGllcy5wZGYAAAAAAAAAAAAAAAAAAAAAAAAAAAAAAAAAAAAAAAAAAAAAAAAAAAAAAAAAAcnnKshOdDRQREYgcHJ2d/////8AAAkAAAAAAAAAAAAAAAAAAAAAD1Byb2dyYW1GYW1pbGllcwAAEAAIAADKYe3lAAAAEQAIAADITqx0AAAAAQAUAcnnIQHJ5JYByeB9AcnH0gHJqmwAAgBpQmFja3VwOkxvbmdUZXJtQXJjaGl2ZXNMYXN0Q2hhIzFDOUFBNkM6AFdvcms6AFJlc2VhcmNoOgBSZWZlcmVuY2VzOgBQcm9ncmFtRmFtaWxpZXM6AERlZmluaW5nRmFtaWxpZXMucGRmAAAOACoAFABEAGUAZgBpAG4AaQBuAGcARgBhAG0AaQBsAGkAZQBzAC4AcABkAGYADwAOAAYAQgBhAGMAawB1AHAAEgBjL0xvbmdUZXJtQXJjaGl2ZXNMYXN0Q2hhbmdlTWF5MTBfMjAxMi9Xb3JrL1Jlc2VhcmNoL1JlZmVyZW5jZXMvUHJvZ3JhbUZhbWlsaWVzL0RlZmluaW5nRmFtaWxpZXMucGRmAAATAA8vVm9sdW1lcy9CYWNrdXAA//8AAAAIAA0AGgAkAKoAAAAAAAACAQAAAAAAAAAFAAAAAAAAAAAAAAAAAAACtg==},
	Bdsk-Url-1 = {http://www.research.avayalabs.com/user/weiss/Publications.html}}

@inproceedings{ArdisAndWeiss1997,
	Author = {Mark Ardis and David M. Weiss},
	Booktitle = {Proceedings of the Nineteenth International Conference on Software Engineering},
	Date-Added = {2017-09-14 20:45:55 +0000},
	Date-Modified = {2017-09-14 20:45:55 +0000},
	Keywords = {software engineering, domain analysis, domain engineering, families, software process, application-oriented languages, reuse, requirements engineering},
	Local-Url = {/Users/smiths/LongTermArchives/Work/Research/References/ProgramFamilies/ArdisAndWeiss_ProgFam.pdf},
	Pages = {649--650},
	Publisher = {ACM, Inc.},
	Title = {Defining families: The commonality analysis},
	Year = {1997},
	Bdsk-File-1 = {YnBsaXN0MDDSAQIDBFxyZWxhdGl2ZVBhdGhZYWxpYXNEYXRhXxCILi4vLi4vLi4vLi4vLi4vLi4vVm9sdW1lcy9CYWNrdXAvTG9uZ1Rlcm1BcmNoaXZlc0xhc3RDaGFuZ2VNYXkxMF8yMDEyL1dvcmsvUmVzZWFyY2gvUmVmZXJlbmNlcy9Qcm9ncmFtRmFtaWxpZXMvQXJkaXNBbmRXZWlzc19Qcm9nRmFtLnBkZk8RAhoAAAAAAhoAAgAABkJhY2t1cAAAAAAAAAAAAAAAAAAAAAAAAAAAAMphtaVIKwAAAcnnIRlBcmRpc0FuZFdlaXNzX1Byb2dGYW0ucGRmAAAAAAAAAAAAAAAAAAAAAAAAAAAAAAAAAAAAAAAAAAAAAAAAAAAByecjyE50NAAAAAAAAAAA/////wAACQAAAAAAAAAAAAAAAAAAAAAPUHJvZ3JhbUZhbWlsaWVzAAAQAAgAAMph7eUAAAARAAgAAMhOrHQAAAABABQByechAcnklgHJ4H0BycfSAcmqbAACAG5CYWNrdXA6TG9uZ1Rlcm1BcmNoaXZlc0xhc3RDaGEjMUM5QUE2QzoAV29yazoAUmVzZWFyY2g6AFJlZmVyZW5jZXM6AFByb2dyYW1GYW1pbGllczoAQXJkaXNBbmRXZWlzc19Qcm9nRmFtLnBkZgAOADQAGQBBAHIAZABpAHMAQQBuAGQAVwBlAGkAcwBzAF8AUAByAG8AZwBGAGEAbQAuAHAAZABmAA8ADgAGAEIAYQBjAGsAdQBwABIAaC9Mb25nVGVybUFyY2hpdmVzTGFzdENoYW5nZU1heTEwXzIwMTIvV29yay9SZXNlYXJjaC9SZWZlcmVuY2VzL1Byb2dyYW1GYW1pbGllcy9BcmRpc0FuZFdlaXNzX1Byb2dGYW0ucGRmABMADy9Wb2x1bWVzL0JhY2t1cAD//wAAAAgADQAaACQArwAAAAAAAAIBAAAAAAAAAAUAAAAAAAAAAAAAAAAAAALN}}

@mastersthesis{McCutchan2007,
	Address = {Hamilton, ON, Canada},
	Author = {John McCutchan},
	Date-Added = {2017-09-14 20:45:41 +0000},
	Date-Modified = {2017-09-14 20:45:41 +0000},
	Local-Url = {file://localhost/Users/smiths/Work/Research/GradStudents/JohnMcCutchan/thesis/thesis/build/Thesis.pdf},
	Month = {September},
	School = {McMaster University},
	Title = {A generative approach to a virtual material testing laboratory},
	Year = {2007},
	Bdsk-File-1 = {YnBsaXN0MDDSAQIDBFxyZWxhdGl2ZVBhdGhZYWxpYXNEYXRhXxAuLi4vLi4vdmlydGxhYi9kb2MvMjAwNy9Kb2huTWNDdXRjaGFuVGhlc2lzLnBkZk8RAYIAAAAAAYIAAgAADE1hY2ludG9zaCBIRAAAAAAAAAAAAAAAAAAAAAAAAABCRAAB/////xdKb2huTWNDdXRjaGFuVGhlc2lzLnBkZgAAAAAAAAAAAAAAAAAAAAAAAAAAAAAAAAAAAAAAAAAAAAAAAAAAAAD/////AAAAAAAAAAAAAAAAAAIABAAACiBjdQAAAAAAAAAAAAAAAAAEMjAwNwACAD0vOlVzZXJzOnNtaXRoczpSZXBvczp2aXJ0bGFiOmRvYzoyMDA3OkpvaG5NY0N1dGNoYW5UaGVzaXMucGRmAAAOADAAFwBKAG8AaABuAE0AYwBDAHUAdABjAGgAYQBuAFQAaABlAHMAaQBzAC4AcABkAGYADwAaAAwATQBhAGMAaQBuAHQAbwBzAGgAIABIAEQAEgA7VXNlcnMvc21pdGhzL1JlcG9zL3ZpcnRsYWIvZG9jLzIwMDcvSm9obk1jQ3V0Y2hhblRoZXNpcy5wZGYAABMAAS8AABUAAgAN//8AAAAIAA0AGgAkAFUAAAAAAAACAQAAAAAAAAAFAAAAAAAAAAAAAAAAAAAB2w==}}

@techreport{SmithAndChen2004b,
	Author = {W. Spencer Smith and Chien-Hsien Chen},
	Date-Added = {2017-09-14 20:45:24 +0000},
	Date-Modified = {2017-09-14 20:45:24 +0000},
	Institution = {McMaster University, Department of Computing and Software},
	Local-Url = {file://localhost/Users/smiths/Work/Research/WorkingDocs/MeshGenSyst/CommAnalysisMeshGen/CAS%2004-10-SS.pdf},
	Note = {45 pp},
	Number = {CAS-04-10-SS},
	Title = {Commonality analysis for mesh generating systems},
	Type = {Technical Report},
	Year = {2004},
	Bdsk-File-1 = {YnBsaXN0MDDSAQIDBFxyZWxhdGl2ZVBhdGhZYWxpYXNEYXRhXxBTLi4vLi4vLi4vV29yay9SZXNlYXJjaC9Xb3JraW5nRG9jcy9NZXNoR2VuU3lzdC9Db21tQW5hbHlzaXNNZXNoR2VuL0NBUyAwNC0xMC1TUy5wZGZPEQG8AAAAAAG8AAIAAAxNYWNpbnRvc2ggSEQAAAAAAAAAAAAAAAAAAAAAAAAAQkQAAf////8QQ0FTIDA0LTEwLVNTLnBkZgAAAAAAAAAAAAAAAAAAAAAAAAAAAAAAAAAAAAAAAAAAAAAAAAAAAAAAAAAAAAAA/////wAAAAAAAAAAAAAAAAADAAYAAAogY3UAAAAAAAAAAAAAAAAAE0NvbW1BbmFseXNpc01lc2hHZW4AAAIAWS86VXNlcnM6c21pdGhzOldvcms6UmVzZWFyY2g6V29ya2luZ0RvY3M6TWVzaEdlblN5c3Q6Q29tbUFuYWx5c2lzTWVzaEdlbjpDQVMgMDQtMTAtU1MucGRmAAAOACIAEABDAEEAUwAgADAANAAtADEAMAAtAFMAUwAuAHAAZABmAA8AGgAMAE0AYQBjAGkAbgB0AG8AcwBoACAASABEABIAV1VzZXJzL3NtaXRocy9Xb3JrL1Jlc2VhcmNoL1dvcmtpbmdEb2NzL01lc2hHZW5TeXN0L0NvbW1BbmFseXNpc01lc2hHZW4vQ0FTIDA0LTEwLVNTLnBkZgAAEwABLwAAFQACAA3//wAAAAgADQAaACQAegAAAAAAAAIBAAAAAAAAAAUAAAAAAAAAAAAAAAAAAAI6}}

@inproceedings{SmithAndChen2004,
	Address = {Banff, Alberta},
	Author = {W. Spencer Smith and Chien-Hsien Chen},
	Booktitle = {Proceedings of the Sixteenth International Conference on Software Engineering and Knowledge Engineering (SEKE 2004)},
	Date-Added = {2017-09-14 20:45:16 +0000},
	Date-Modified = {2017-09-14 20:45:16 +0000},
	Editor = {F. Maurer and G. Ruhe},
	Local-Url = {/Users/smiths/Work/Research/Papers/CommReqAnal_MeshGen_SEKE04/AsSubmitted_SmithAndChen.pdf},
	Pages = {384--387},
	Title = {Commonality and Requirements Analysis for Mesh Generating Software},
	Year = {2004},
	Bdsk-File-1 = {YnBsaXN0MDDSAQIDBFxyZWxhdGl2ZVBhdGhZYWxpYXNEYXRhXxBVLi4vLi4vLi4vV29yay9SZXNlYXJjaC9QYXBlcnMvQ29tbVJlcUFuYWxfTWVzaEdlbl9TRUtFMDQvQXNTdWJtaXR0ZWRfU21pdGhBbmRDaGVuLnBkZk8RAd4AAAAAAd4AAgAADE1hY2ludG9zaCBIRAAAAAAAAAAAAAAAAAAAAAAAAABCRAAB/////xxBc1N1Ym1pdHRlZF9TbWl0aEFuZENoZW4ucGRmAAAAAAAAAAAAAAAAAAAAAAAAAAAAAAAAAAAAAAAAAAAAAAD/////AAAAAAAAAAAAAAAAAAMABQAACiBjdQAAAAAAAAAAAAAAAAAaQ29tbVJlcUFuYWxfTWVzaEdlbl9TRUtFMDQAAgBbLzpVc2VyczpzbWl0aHM6V29yazpSZXNlYXJjaDpQYXBlcnM6Q29tbVJlcUFuYWxfTWVzaEdlbl9TRUtFMDQ6QXNTdWJtaXR0ZWRfU21pdGhBbmRDaGVuLnBkZgAADgA6ABwAQQBzAFMAdQBiAG0AaQB0AHQAZQBkAF8AUwBtAGkAdABoAEEAbgBkAEMAaABlAG4ALgBwAGQAZgAPABoADABNAGEAYwBpAG4AdABvAHMAaAAgAEgARAASAFlVc2Vycy9zbWl0aHMvV29yay9SZXNlYXJjaC9QYXBlcnMvQ29tbVJlcUFuYWxfTWVzaEdlbl9TRUtFMDQvQXNTdWJtaXR0ZWRfU21pdGhBbmRDaGVuLnBkZgAAEwABLwAAFQACAA3//wAAAAgADQAaACQAfAAAAAAAAAIBAAAAAAAAAAUAAAAAAAAAAAAAAAAAAAJe}}

@misc{Blitz2010,
	Author = {Blitz},
	Date-Added = {2017-09-14 20:45:01 +0000},
	Date-Modified = {2017-09-14 20:45:01 +0000},
	Node = {Version 1.2},
	Title = {Blitz++, Object-Oriented Scientific Computing},
	Url = {http://www.oonumerics.org/blitz/},
	Year = {Last Accessed in December 2001},
	Bdsk-Url-1 = {http://www.oonumerics.org/blitz/}}

@inproceedings{Veldhuizen1998,
	Author = {Todd. L. Veldhuizen},
	Booktitle = {Proceedings of the 2nd International Scientific Computing in Object-Oriented Parallel Environments ({ISCOPE}'98), Lecture Notes in Computer Science},
	Date-Added = {2017-09-14 20:44:29 +0000},
	Date-Modified = {2017-09-14 20:44:29 +0000},
	Local-Url = {file://localhost/Users/smiths/LongTermArchives/Work/Research/References/GenerativeProgramming/Veldhuizen98.pdf},
	Publisher = {Springer-Verlag},
	Title = {Arrays in {Blitz++}},
	Year = {1998},
	Bdsk-File-1 = {YnBsaXN0MDDSAQIDBFxyZWxhdGl2ZVBhdGhZYWxpYXNEYXRhXxBcLi4vLi4vLi4vLi4vTG9uZ1Rlcm1BcmNoaXZlcy9Xb3JrL1Jlc2VhcmNoL1JlZmVyZW5jZXMvR2VuZXJhdGl2ZVByb2dyYW1taW5nL1ZlbGRodWl6ZW45OC5wZGZPEQIMAAAAAAIMAAIAAAxNYWNpbnRvc2ggSEQAAAAAAAAAAAAAAAAAAADGxWEASCsAAAASp4YQVmVsZGh1aXplbjk4LnBkZgAAAAAAAAAAAAAAAAAAAAAAAAAAAAAAAAAAAAAAAAAAAAAAAAAAAAAAAAAAAAAAABKzfshOdDJQREYgQ0FSTwAEAAYAAAkgAAAAAAAAAAAAAAAAAAAAFUdlbmVyYXRpdmVQcm9ncmFtbWluZwAAEAAIAADGxZlAAAAAEQAIAADITqxyAAAAAQAcABKnhgASojYAEqDKABKgqQASoKUACFn3AAB8YwACAGpNYWNpbnRvc2ggSEQ6VXNlcnM6c21pdGhzOkxvbmdUZXJtQXJjaGl2ZXM6V29yazpSZXNlYXJjaDpSZWZlcmVuY2VzOkdlbmVyYXRpdmVQcm9ncmFtbWluZzpWZWxkaHVpemVuOTgucGRmAA4AIgAQAFYAZQBsAGQAaAB1AGkAegBlAG4AOQA4AC4AcABkAGYADwAaAAwATQBhAGMAaQBuAHQAbwBzAGgAIABIAEQAEgBdVXNlcnMvc21pdGhzL0xvbmdUZXJtQXJjaGl2ZXMvV29yay9SZXNlYXJjaC9SZWZlcmVuY2VzL0dlbmVyYXRpdmVQcm9ncmFtbWluZy9WZWxkaHVpemVuOTgucGRmAAATAAEvAAAVAAIADf//AAAACAANABoAJACDAAAAAAAAAgEAAAAAAAAABQAAAAAAAAAAAAAAAAAAApM=}}

@article{WhaleyEtAl2001,
	Author = {R. C. Whaley and A. Petitet and J. J. Dongarra},
	Date-Added = {2017-09-14 20:43:34 +0000},
	Date-Modified = {2017-09-14 20:43:34 +0000},
	Journal = {Parallel Computing},
	Local-Url = {file://localhost/Users/smiths/LongTermArchives/Work/Research/References/GenerativeProgramming/WhaleyEtAl2001.pdf},
	Number = {1--2},
	Pages = {3--35},
	Title = {Automated empirical optimization of software and the {ATLAS} project},
	Volume = {27},
	Year = {2001},
	Bdsk-File-1 = {YnBsaXN0MDDSAQIDBFxyZWxhdGl2ZVBhdGhZYWxpYXNEYXRhXxBeLi4vLi4vLi4vLi4vTG9uZ1Rlcm1BcmNoaXZlcy9Xb3JrL1Jlc2VhcmNoL1JlZmVyZW5jZXMvR2VuZXJhdGl2ZVByb2dyYW1taW5nL1doYWxleUV0QWwyMDAxLnBkZk8RAhQAAAAAAhQAAgAADE1hY2ludG9zaCBIRAAAAAAAAAAAAAAAAAAAAMbFYQBIKwAAABKnhhJXaGFsZXlFdEFsMjAwMS5wZGYAAAAAAAAAAAAAAAAAAAAAAAAAAAAAAAAAAAAAAAAAAAAAAAAAAAAAAAAAAAAAErOuyE50NQAAAAAAAAAAAAQABgAACSAAAAAAAAAAAAAAAAAAAAAVR2VuZXJhdGl2ZVByb2dyYW1taW5nAAAQAAgAAMbFmUAAAAARAAgAAMhOrHUAAAABABwAEqeGABKiNgASoMoAEqCpABKgpQAIWfcAAHxjAAIAbE1hY2ludG9zaCBIRDpVc2VyczpzbWl0aHM6TG9uZ1Rlcm1BcmNoaXZlczpXb3JrOlJlc2VhcmNoOlJlZmVyZW5jZXM6R2VuZXJhdGl2ZVByb2dyYW1taW5nOldoYWxleUV0QWwyMDAxLnBkZgAOACYAEgBXAGgAYQBsAGUAeQBFAHQAQQBsADIAMAAwADEALgBwAGQAZgAPABoADABNAGEAYwBpAG4AdABvAHMAaAAgAEgARAASAF9Vc2Vycy9zbWl0aHMvTG9uZ1Rlcm1BcmNoaXZlcy9Xb3JrL1Jlc2VhcmNoL1JlZmVyZW5jZXMvR2VuZXJhdGl2ZVByb2dyYW1taW5nL1doYWxleUV0QWwyMDAxLnBkZgAAEwABLwAAFQACAA3//wAAAAgADQAaACQAhQAAAAAAAAIBAAAAAAAAAAUAAAAAAAAAAAAAAAAAAAKd}}

@article{Carette2006,
	Author = {Jacques Carette},
	Date-Added = {2017-09-14 20:43:20 +0000},
	Date-Modified = {2017-09-14 20:43:20 +0000},
	Journal = {Science of Computer Programming},
	Keywords = {MetaOCaml, linear algebra, genericity, generative, staging},
	Local-Url = {file://localhost/Users/smiths/LongTermArchives/Work/Research/References/ScientificComputing/Carette2006.pdf},
	Number = {1},
	Pages = {3--24},
	Title = {Gaussian Elimination: A case study in efficient genericity with {M}eta{OC}aml},
	Volume = {62},
	Year = {2006},
	Bdsk-File-1 = {YnBsaXN0MDDSAQIDBFxyZWxhdGl2ZVBhdGhZYWxpYXNEYXRhXxAxLi4vLi4vLi4vV29yay9SZXNlYXJjaC9SZWZlcmVuY2VzL0NhcmV0dGUyMDA2LnBkZk8RAWwAAAAAAWwAAgAADE1hY2ludG9zaCBIRAAAAAAAAAAAAAAAAAAAAAAAAABCRAAB/////w9DYXJldHRlMjAwNi5wZGYAAAAAAAAAAAAAAAAAAAAAAAAAAAAAAAAAAAAAAAAAAAAAAAAAAAAAAAAAAAAAAAD/////AAAAAAAAAAAAAAAAAAMABAAACiBjdQAAAAAAAAAAAAAAAAAKUmVmZXJlbmNlcwACADcvOlVzZXJzOnNtaXRoczpXb3JrOlJlc2VhcmNoOlJlZmVyZW5jZXM6Q2FyZXR0ZTIwMDYucGRmAAAOACAADwBDAGEAcgBlAHQAdABlADIAMAAwADYALgBwAGQAZgAPABoADABNAGEAYwBpAG4AdABvAHMAaAAgAEgARAASADVVc2Vycy9zbWl0aHMvV29yay9SZXNlYXJjaC9SZWZlcmVuY2VzL0NhcmV0dGUyMDA2LnBkZgAAEwABLwAAFQACAA3//wAAAAgADQAaACQAWAAAAAAAAAIBAAAAAAAAAAUAAAAAAAAAAAAAAAAAAAHI}}

@incollection{Dijkstra1972,
	Acmid = {1243381},
	Address = {London, UK, UK},
	Author = {Dijkstra, Edsger W.},
	Booktitle = {Structure Programming},
	Date-Added = {2017-09-14 20:42:43 +0000},
	Date-Modified = {2017-09-14 20:42:43 +0000},
	Editor = {Dahl, O. J. and Dijkstra, E. W. and Hoare, C. A. R.},
	Isbn = {0-12-200550-3},
	Numpages = {82},
	Pages = {1--82},
	Publisher = {Academic Press Ltd.},
	Title = {Notes on Structured Programming},
	Url = {http://dl.acm.org/citation.cfm?id=1243380.1243381},
	Year = {1972},
	Bdsk-File-1 = {YnBsaXN0MDDSAQIDBFxyZWxhdGl2ZVBhdGhZYWxpYXNEYXRhXxAwLi4vLi4vLi4vV29yay9SZXNlYXJjaC9SZWZlcmVuY2VzL2NiLXNwLWRhaGwucGRmTxEBZgAAAAABZgACAAAMTWFjaW50b3NoIEhEAAAAAAAAAAAAAAAAAAAAAAAAAEJEAAH/////DmNiLXNwLWRhaGwucGRmAAAAAAAAAAAAAAAAAAAAAAAAAAAAAAAAAAAAAAAAAAAAAAAAAAAAAAAAAAAAAAAAAP////8AAAAAAAAAAAAAAAAAAwAEAAAKIGN1AAAAAAAAAAAAAAAAAApSZWZlcmVuY2VzAAIANi86VXNlcnM6c21pdGhzOldvcms6UmVzZWFyY2g6UmVmZXJlbmNlczpjYi1zcC1kYWhsLnBkZgAOAB4ADgBjAGIALQBzAHAALQBkAGEAaABsAC4AcABkAGYADwAaAAwATQBhAGMAaQBuAHQAbwBzAGgAIABIAEQAEgA0VXNlcnMvc21pdGhzL1dvcmsvUmVzZWFyY2gvUmVmZXJlbmNlcy9jYi1zcC1kYWhsLnBkZgATAAEvAAAVAAIADf//AAAACAANABoAJABXAAAAAAAAAgEAAAAAAAAABQAAAAAAAAAAAAAAAAAAAcE=},
	Bdsk-Url-1 = {http://dl.acm.org/citation.cfm?id=1243380.1243381}}

@article{Parnas1979,
	Author = {David L. Parnas},
	Date-Added = {2017-09-14 20:42:25 +0000},
	Date-Modified = {2017-09-14 20:42:25 +0000},
	Journal = {IEEE Transactions on Software Engineering},
	Month = {March},
	Pages = {128-138},
	Title = {Designing Software for Ease of Extension and Contraction},
	Year = {1979}}

@article{Parnas1976,
	Author = {David Parnas},
	Date-Added = {2017-09-14 20:42:18 +0000},
	Date-Modified = {2017-09-14 20:42:18 +0000},
	Journal = {IEEE Transactions on Software Engineering},
	Keywords = {program families, step-wise refinement, modules},
	Number = {1},
	Pages = {1-9},
	Title = {On the design and development of program families},
	Volume = {SE-2},
	Year = {1976}}

@book{PohlEtAl2005,
	Author = {K. Pohl and G. B\"{o}ckle and F. van der Linden},
	Date-Added = {2017-09-14 20:42:09 +0000},
	Date-Modified = {2017-09-14 20:42:09 +0000},
	Publisher = {Springer-Verlag},
	Title = {Software Product Line Engineering: Foundations, Principles, and Techniques},
	Year = {2005}}

@book{ClementsAndNorthrop2001,
	Address = {Boston, MA, USA},
	Author = {Paul Clements and Linda M. Northrop},
	Date-Added = {2017-09-14 20:42:02 +0000},
	Date-Modified = {2017-09-14 20:42:02 +0000},
	Publisher = {Addison-Wesley Longman Publishing Co., Inc.},
	Title = {Software product lines: practices and patterns},
	Year = {2002}}

@inproceedings{SmithEtAl2008,
	Address = {Leipzig, Germany},
	Author = {W. Spencer Smith and John McCutchan and Jacques Carette},
	Booktitle = {Proceedings of the First International Workshop on Software Engineering for Computational Science and Engineering (SECSE 2008)},
	Date-Added = {2017-09-14 19:18:08 +0000},
	Date-Modified = {2017-09-14 19:18:08 +0000},
	Month = {May},
	Note = {8 pp},
	Organization = {In conjunction with the 30th International Conference on Software Engineering (ICSE)},
	Title = {Commonality Analysis of Families of Physical Models for use in Scientific Computing},
	Url = {http://www.cse.msstate.edu/~SECSE08/schedule.htm},
	Year = {2008},
	Bdsk-File-1 = {YnBsaXN0MDDSAQIDBFxyZWxhdGl2ZVBhdGhZYWxpYXNEYXRhXxA7Li4vLi4vT0xEX1NWTi9tbXNjT0xEX1NWTi9TRUNTRTA4L1NtaXRoRXRBbF9Bc1N1Ym1pdHRlZC5wZGZPEQGiAAAAAAGiAAIAAAxNYWNpbnRvc2ggSEQAAAAAAAAAAAAAAAAAAAAAAAAAQkQAAf////8ZU21pdGhFdEFsX0FzU3VibWl0dGVkLnBkZgAAAAAAAAAAAAAAAAAAAAAAAAAAAAAAAAAAAAAAAAAAAAAAAAAA/////wAAAAAAAAAAAAAAAAACAAQAAAogY3UAAAAAAAAAAAAAAAAAB1NFQ1NFMDgAAAIASi86VXNlcnM6c21pdGhzOlJlcG9zOk9MRF9TVk46bW1zY09MRF9TVk46U0VDU0UwODpTbWl0aEV0QWxfQXNTdWJtaXR0ZWQucGRmAA4ANAAZAFMAbQBpAHQAaABFAHQAQQBsAF8AQQBzAFMAdQBiAG0AaQB0AHQAZQBkAC4AcABkAGYADwAaAAwATQBhAGMAaQBuAHQAbwBzAGgAIABIAEQAEgBIVXNlcnMvc21pdGhzL1JlcG9zL09MRF9TVk4vbW1zY09MRF9TVk4vU0VDU0UwOC9TbWl0aEV0QWxfQXNTdWJtaXR0ZWQucGRmABMAAS8AABUAAgAN//8AAAAIAA0AGgAkAGIAAAAAAAACAQAAAAAAAAAFAAAAAAAAAAAAAAAAAAACCA==},
	Bdsk-Url-1 = {http://www.cse.msstate.edu/~SECSE08/schedule.htm}}

@inproceedings{Smith2006,
	Address = {Minneapolis / St.\ Paul, Minnesota},
	Author = {W. Spencer Smith},
	Booktitle = {Proceedings of the 14th IEEE International Requirements Engineering Conference, RE 2006},
	Date-Added = {2017-09-14 19:18:04 +0000},
	Date-Modified = {2017-09-14 19:18:04 +0000},
	Local-Url = {/Users/smiths/Work/Research/Papers/RE_2006/Smith2006_VersionAsPublished.pdf},
	Pages = {209--218},
	Title = {Systematic Development of Requirements Documentation for General Purpose Scientific Computing Software},
	Url = {http://www.ifi.unizh.ch/req/events/RE06/},
	Year = {2006},
	Bdsk-File-1 = {YnBsaXN0MDDSAQIDBFxyZWxhdGl2ZVBhdGhZYWxpYXNEYXRhXxBGLi4vLi4vLi4vV29yay9SZXNlYXJjaC9QYXBlcnMvUkVfMjAwNi9TbWl0aDIwMDZfVmVyc2lvbkFzUHVibGlzaGVkLnBkZk8RAbQAAAAAAbQAAgAADE1hY2ludG9zaCBIRAAAAAAAAAAAAAAAAAAAAAAAAABCRAAB/////x9TbWl0aDIwMDZfVmVyc2lvbkEjRkZGRkZGRkYucGRmAAAAAAAAAAAAAAAAAAAAAAAAAAAAAAAAAAAAAAAAAAD/////AAAAAFBERiBDQVJPAAMABQAACiBjdQAAAAAAAAAAAAAAAAAHUkVfMjAwNgAAAgBMLzpVc2VyczpzbWl0aHM6V29yazpSZXNlYXJjaDpQYXBlcnM6UkVfMjAwNjpTbWl0aDIwMDZfVmVyc2lvbkFzUHVibGlzaGVkLnBkZgAOAEIAIABTAG0AaQB0AGgAMgAwADAANgBfAFYAZQByAHMAaQBvAG4AQQBzAFAAdQBiAGwAaQBzAGgAZQBkAC4AcABkAGYADwAaAAwATQBhAGMAaQBuAHQAbwBzAGgAIABIAEQAEgBKVXNlcnMvc21pdGhzL1dvcmsvUmVzZWFyY2gvUGFwZXJzL1JFXzIwMDYvU21pdGgyMDA2X1ZlcnNpb25Bc1B1Ymxpc2hlZC5wZGYAEwABLwAAFQACAA3//wAAAAgADQAaACQAbQAAAAAAAAIBAAAAAAAAAAUAAAAAAAAAAAAAAAAAAAIl},
	Bdsk-Url-1 = {http://www.ifi.unizh.ch/req/events/RE06/}}

@techreport{SmithMcCutchanAndCarette2017,
	Author = {W. Spencer Smith and John McCutchan and Jacques Carette},
	Date-Added = {2017-09-14 19:17:57 +0000},
	Date-Modified = {2017-09-14 19:17:57 +0000},
	Institution = {McMaster University, Department of Computing and Software},
	Number = {CAS-17-01-SS},
	Title = {Commonality Analysis for a Family of Material Models},
	Type = {Technical Report},
	Year = {2017},
	Bdsk-File-1 = {YnBsaXN0MDDSAQIDBFxyZWxhdGl2ZVBhdGhZYWxpYXNEYXRhXxBLLi4vLi4vT0xEX1NWTi9tbXNjT0xEX1NWTi9GYW1pbHlPZk1hdGVyaWFsTW9kZWxzL0ZhbWlseU9mTWF0ZXJpYWxNb2RlbHMucGRmTxEB0gAAAAAB0gACAAAMTWFjaW50b3NoIEhEAAAAAAAAAAAAAAAAAAAAAAAAAEJEAAH/////GkZhbWlseU9mTWF0ZXJpYWxNb2RlbHMucGRmAAAAAAAAAAAAAAAAAAAAAAAAAAAAAAAAAAAAAAAAAAAAAAAAAP////8AAAAAAAAAAAAAAAAAAgAEAAAKIGN1AAAAAAAAAAAAAAAAABZGYW1pbHlPZk1hdGVyaWFsTW9kZWxzAAIAWi86VXNlcnM6c21pdGhzOlJlcG9zOk9MRF9TVk46bW1zY09MRF9TVk46RmFtaWx5T2ZNYXRlcmlhbE1vZGVsczpGYW1pbHlPZk1hdGVyaWFsTW9kZWxzLnBkZgAOADYAGgBGAGEAbQBpAGwAeQBPAGYATQBhAHQAZQByAGkAYQBsAE0AbwBkAGUAbABzAC4AcABkAGYADwAaAAwATQBhAGMAaQBuAHQAbwBzAGgAIABIAEQAEgBYVXNlcnMvc21pdGhzL1JlcG9zL09MRF9TVk4vbW1zY09MRF9TVk4vRmFtaWx5T2ZNYXRlcmlhbE1vZGVscy9GYW1pbHlPZk1hdGVyaWFsTW9kZWxzLnBkZgATAAEvAAAVAAIADf//AAAACAANABoAJAByAAAAAAAAAgEAAAAAAAAABQAAAAAAAAAAAAAAAAAAAkg=}}

@article{SmithAndKoothoor2016,
	Abstract = {This paper presents a documentation and development method to facilitate the certification of scientific computing software used in the safety analysis of nuclear facilities. To study the problems faced during quality assurance and certification activities, a case study was performed on legacy software used for thermal analysis of a fuelpin in a nuclear reactor. Although no errors were uncovered in the code, 27 issues of incompleteness and inconsistency were found with the documentation. This work proposes that software documentation follow a rational process, which includes a software requirements specification following a template that is reusable, maintainable, and understandable. To develop the design and implementation, this paper suggests literate programming as an alternative to traditional structured programming. Literate programming allows for documenting of numerical algorithms and code together in what is termed the literate programmer's manual. This manual is developed with explicit traceability to the software requirements specification. The traceability between the theory, numerical algorithms, and implementation facilitates achieving completeness and consistency, as well as simplifies the process of verification and the associated certification. },
	Author = {W. Spencer Smith and Nirmitha Koothoor},
	Date-Added = {2017-09-13 21:03:06 +0000},
	Date-Modified = {2017-09-13 21:03:06 +0000},
	Doi = {http://dx.doi.org/10.1016/j.net.2015.11.008},
	Issn = {1738-5733},
	Journal = {Nuclear Engineering and Technology},
	Keywords = {Software Quality},
	Month = {April},
	Number = {2},
	Pages = {404-418},
	Title = {A Document-Driven Method for Certifying Scientific Computing Software for Use in Nuclear Safety Analysis},
	Url = {http://www.sciencedirect.com/science/article/pii/S1738573315002582},
	Volume = {48},
	Year = {2016},
	Bdsk-File-1 = {YnBsaXN0MDDSAQIDBFxyZWxhdGl2ZVBhdGhZYWxpYXNEYXRhXxA8Li4vLi4vc2U0c2MvU2NpQ29tcEFuZFNvZnRFbmdQYXBlcnMvU21pdGhBbmRLb290aG9vcjIwMTYucGRmTxEBtAAAAAABtAACAAAMTWFjaW50b3NoIEhEAAAAAAAAAAAAAAAAAAAAAAAAAEJEAAH/////GFNtaXRoQW5kS29vdGhvb3IyMDE2LnBkZgAAAAAAAAAAAAAAAAAAAAAAAAAAAAAAAAAAAAAAAAAAAAAAAAAAAP////8AAAAAAAAAAAAAAAAAAgADAAAKIGN1AAAAAAAAAAAAAAAAABdTY2lDb21wQW5kU29mdEVuZ1BhcGVycwAAAgBLLzpVc2VyczpzbWl0aHM6UmVwb3M6c2U0c2M6U2NpQ29tcEFuZFNvZnRFbmdQYXBlcnM6U21pdGhBbmRLb290aG9vcjIwMTYucGRmAAAOADIAGABTAG0AaQB0AGgAQQBuAGQASwBvAG8AdABoAG8AbwByADIAMAAxADYALgBwAGQAZgAPABoADABNAGEAYwBpAG4AdABvAHMAaAAgAEgARAASAElVc2Vycy9zbWl0aHMvUmVwb3Mvc2U0c2MvU2NpQ29tcEFuZFNvZnRFbmdQYXBlcnMvU21pdGhBbmRLb290aG9vcjIwMTYucGRmAAATAAEvAAAVAAIADf//AAAACAANABoAJABjAAAAAAAAAgEAAAAAAAAABQAAAAAAAAAAAAAAAAAAAhs=},
	Bdsk-Url-1 = {http://www.sciencedirect.com/science/article/pii/S1738573315002582},
	Bdsk-Url-2 = {http://dx.doi.org/10.1016/j.net.2015.11.008}}

@inproceedings{Parnas2010,
	Author = {David Lorge Parnas},
	Bibsource = {dblp computer science bibliography, http://dblp.org},
	Biburl = {http://dblp.uni-trier.de/rec/bib/conf/birthday/Parnas10},
	Booktitle = {The Future of Software Engineering},
	Date-Added = {2017-09-08 04:00:01 +0000},
	Date-Modified = {2017-09-08 04:00:01 +0000},
	Doi = {10.1007/978-3-642-15187-3_8},
	Pages = {125--148},
	Timestamp = {Tue, 30 Aug 2011 14:09:42 +0200},
	Title = {Precise Documentation: The Key to Better Software},
	Url = {http://dx.doi.org/10.1007/978-3-642-15187-3_8},
	Year = {2010},
	Bdsk-File-1 = {YnBsaXN0MDDSAQIDBFxyZWxhdGl2ZVBhdGhZYWxpYXNEYXRhXxAyLi4vLi4vc2U0c2MvU2NpQ29tcEFuZFNvZnRFbmdQYXBlcnMvUGFybmFzMjAxMC5wZGZPEQGMAAAAAAGMAAIAAAxNYWNpbnRvc2ggSEQAAAAAAAAAAAAAAAAAAAAAAAAAQkQAAf////8OUGFybmFzMjAxMC5wZGYAAAAAAAAAAAAAAAAAAAAAAAAAAAAAAAAAAAAAAAAAAAAAAAAAAAAAAAAAAAAAAAAA/////wAAAAAAAAAAAAAAAAACAAMAAAogY3UAAAAAAAAAAAAAAAAAF1NjaUNvbXBBbmRTb2Z0RW5nUGFwZXJzAAACAEEvOlVzZXJzOnNtaXRoczpSZXBvczpzZTRzYzpTY2lDb21wQW5kU29mdEVuZ1BhcGVyczpQYXJuYXMyMDEwLnBkZgAADgAeAA4AUABhAHIAbgBhAHMAMgAwADEAMAAuAHAAZABmAA8AGgAMAE0AYQBjAGkAbgB0AG8AcwBoACAASABEABIAP1VzZXJzL3NtaXRocy9SZXBvcy9zZTRzYy9TY2lDb21wQW5kU29mdEVuZ1BhcGVycy9QYXJuYXMyMDEwLnBkZgAAEwABLwAAFQACAA3//wAAAAgADQAaACQAWQAAAAAAAAIBAAAAAAAAAAUAAAAAAAAAAAAAAAAAAAHp},
	Bdsk-Url-1 = {http://dx.doi.org/10.1007/978-3-642-15187-3_8}}

@book{Roache1998,
	Address = {Albuquerque, New Mexico},
	Author = {Patrick J. Roache},
	Date-Added = {2017-09-08 03:59:45 +0000},
	Date-Modified = {2017-09-08 03:59:45 +0000},
	Publisher = {Hermosa Publishers},
	Title = {Verification and Validation in Computational Science and Engineering},
	Year = {1998}}

@article{SegalAndMorris2008,
	Annote = {Some extra information on the citation.

@article{Segal2008IEEE,
	Address = {Los Alamitos, CA, USA},
	Author = {Segal, Judith and Morris, Chris},
	Date-Added = {2011-01-28 14:00:17 -0500},
	Date-Modified = {2011-01-28 14:00:35 -0500},
	Doi = {http://dx.doi.org/10.1109/MS.2008.85},
	Issn = {0740-7459},
	Journal = {IEEE Softw.},
	Number = {4},
	Pages = {18--20},
	Publisher = {IEEE Computer Society Press},
	Title = {Developing Scientific Software},
	Url = {http://cs.ua.edu/\~{}SECSE08/Papers/Segal.pdf},
	Volume = {25},
	Year = {2008},
	Bdsk-Url-1 = {http://cs.ua.edu/%5C~%7B%7DSECSE08/Papers/Segal.pdf},
	Bdsk-Url-2 = {http://dx.doi.org/10.1109/MS.2008.85}}},
	Author = {Judith Segal and Chris Morris},
	Date-Added = {2017-09-08 03:59:33 +0000},
	Date-Modified = {2017-09-08 03:59:33 +0000},
	Journal = {IEEE Software},
	Local-Url = {/Users/smiths/LongTermArchives/Work/Research/References/SciCompAndSoftEng/SegalAndMorris2008.pdf},
	Month = {July/August},
	Number = {4},
	Pages = {18--20},
	Title = {Developing Scientific Software},
	Volume = {25},
	Year = {2008},
	Bdsk-File-1 = {YnBsaXN0MDDSAQIDBFxyZWxhdGl2ZVBhdGhZYWxpYXNEYXRhXxA6Li4vLi4vc2U0c2MvU2NpQ29tcEFuZFNvZnRFbmdQYXBlcnMvU2VnYWxBbmRNb3JyaXMyMDA4LnBkZk8RAawAAAAAAawAAgAADE1hY2ludG9zaCBIRAAAAAAAAAAAAAAAAAAAAAAAAABCRAAB/////xZTZWdhbEFuZE1vcnJpczIwMDgucGRmAAAAAAAAAAAAAAAAAAAAAAAAAAAAAAAAAAAAAAAAAAAAAAAAAAAAAAD/////AAAAAAAAAAAAAAAAAAIAAwAACiBjdQAAAAAAAAAAAAAAAAAXU2NpQ29tcEFuZFNvZnRFbmdQYXBlcnMAAAIASS86VXNlcnM6c21pdGhzOlJlcG9zOnNlNHNjOlNjaUNvbXBBbmRTb2Z0RW5nUGFwZXJzOlNlZ2FsQW5kTW9ycmlzMjAwOC5wZGYAAA4ALgAWAFMAZQBnAGEAbABBAG4AZABNAG8AcgByAGkAcwAyADAAMAA4AC4AcABkAGYADwAaAAwATQBhAGMAaQBuAHQAbwBzAGgAIABIAEQAEgBHVXNlcnMvc21pdGhzL1JlcG9zL3NlNHNjL1NjaUNvbXBBbmRTb2Z0RW5nUGFwZXJzL1NlZ2FsQW5kTW9ycmlzMjAwOC5wZGYAABMAAS8AABUAAgAN//8AAAAIAA0AGgAkAGEAAAAAAAACAQAAAAAAAAAFAAAAAAAAAAAAAAAAAAACEQ==},
	Bdsk-File-2 = {YnBsaXN0MDDSAQIDBFxyZWxhdGl2ZVBhdGhZYWxpYXNEYXRhXxCILi4vLi4vLi4vLi4vLi4vLi4vVm9sdW1lcy9BcmNoaXZlL0xvbmdUZXJtQXJjaGl2ZXNMYXN0Q2hhbmdlTWF5MTBfMjAxMi9Xb3JrL1Jlc2VhcmNoL1JlZmVyZW5jZXMvU2NpQ29tcEFuZFNvZnRFbmcvU2VnYWxBbmRNb3JyaXMyMDA4LnBkZk8RAhQAAAAAAhQAAgAAB0FyY2hpdmUAAAAAAAAAAAAAAAAAAAAAAAAAAMvSG5hIKwAAAAA8YBZTZWdhbEFuZE1vcnJpczIwMDgucGRmAAAAAAAAAAAAAAAAAAAAAAAAAAAAAAAAAAAAAAAAAAAAAAAAAAAAAAAAADymxlLHtQAAAAAAAAAA/////wAACQAAAAAAAAAAAAAAAAAAAAARU2NpQ29tcEFuZFNvZnRFbmcAABAACAAAy9JT2AAAABEACAAAxlL/9QAAAAEAFAAAPGAAADjrAAA10wAAHaIAAAA+AAIAaUFyY2hpdmU6TG9uZ1Rlcm1BcmNoaXZlc0xhc3RDaGFuZ2VNYSMzRTpXb3JrOlJlc2VhcmNoOlJlZmVyZW5jZXM6U2NpQ29tcEFuZFNvZnRFbmc6U2VnYWxBbmRNb3JyaXMyMDA4LnBkZgAADgAuABYAUwBlAGcAYQBsAEEAbgBkAE0AbwByAHIAaQBzADIAMAAwADgALgBwAGQAZgAPABAABwBBAHIAYwBoAGkAdgBlABIAZy9Mb25nVGVybUFyY2hpdmVzTGFzdENoYW5nZU1heTEwXzIwMTIvV29yay9SZXNlYXJjaC9SZWZlcmVuY2VzL1NjaUNvbXBBbmRTb2Z0RW5nL1NlZ2FsQW5kTW9ycmlzMjAwOC5wZGYAABMAEC9Wb2x1bWVzL0FyY2hpdmX//wAAAAgADQAaACQArwAAAAAAAAIBAAAAAAAAAAUAAAAAAAAAAAAAAAAAAALH}}

@article{Kelly2015,
	Author = {Diane Kelly},
	Bibsource = {dblp computer science bibliography, http://dblp.org},
	Biburl = {http://dblp.uni-trier.de/rec/bib/journals/jss/Kelly15},
	Date-Added = {2017-09-08 03:59:12 +0000},
	Date-Modified = {2017-09-08 03:59:12 +0000},
	Doi = {10.1016/j.jss.2015.07.027},
	Journal = {Journal of Systems and Software},
	Pages = {50--61},
	Timestamp = {Thu, 26 Nov 2015 09:26:40 +0100},
	Title = {Scientific software development viewed as knowledge acquisition: Towards understanding the development of risk-averse scientific software},
	Url = {http://dx.doi.org/10.1016/j.jss.2015.07.027},
	Volume = {109},
	Year = {2015},
	Bdsk-File-1 = {YnBsaXN0MDDSAQIDBFxyZWxhdGl2ZVBhdGhZYWxpYXNEYXRhXxAxLi4vLi4vc2U0c2MvU2NpQ29tcEFuZFNvZnRFbmdQYXBlcnMvS2VsbHkyMDE1LnBkZk8RAYYAAAAAAYYAAgAADE1hY2ludG9zaCBIRAAAAAAAAAAAAAAAAAAAAAAAAABCRAAB/////w1LZWxseTIwMTUucGRmAAAAAAAAAAAAAAAAAAAAAAAAAAAAAAAAAAAAAAAAAAAAAAAAAAAAAAAAAAAAAAAAAAD/////AAAAAAAAAAAAAAAAAAIAAwAACiBjdQAAAAAAAAAAAAAAAAAXU2NpQ29tcEFuZFNvZnRFbmdQYXBlcnMAAAIAQC86VXNlcnM6c21pdGhzOlJlcG9zOnNlNHNjOlNjaUNvbXBBbmRTb2Z0RW5nUGFwZXJzOktlbGx5MjAxNS5wZGYADgAcAA0ASwBlAGwAbAB5ADIAMAAxADUALgBwAGQAZgAPABoADABNAGEAYwBpAG4AdABvAHMAaAAgAEgARAASAD5Vc2Vycy9zbWl0aHMvUmVwb3Mvc2U0c2MvU2NpQ29tcEFuZFNvZnRFbmdQYXBlcnMvS2VsbHkyMDE1LnBkZgATAAEvAAAVAAIADf//AAAACAANABoAJABYAAAAAAAAAgEAAAAAAAAABQAAAAAAAAAAAAAAAAAAAeI=},
	Bdsk-Url-1 = {http://dx.doi.org/10.1016/j.jss.2015.07.027}}

@inproceedings{Kelly2013,
	Acmid = {2555555},
	Address = {Riverton, NJ, USA},
	Author = {Kelly, Diane},
	Booktitle = {Proceedings of the 2013 Conference of the Center for Advanced Studies on Collaborative Research},
	Date-Added = {2017-09-08 03:59:00 +0000},
	Date-Modified = {2017-09-08 03:59:00 +0000},
	Location = {Ontario, Canada},
	Numpages = {12},
	Pages = {299--310},
	Publisher = {IBM Corp.},
	Series = {CASCON '13},
	Title = {Industrial Scientific Software: A Set of Interviews on Software Development},
	Url = {http://dl.acm.org/citation.cfm?id=2555523.2555555},
	Year = {2013},
	Bdsk-File-1 = {YnBsaXN0MDDSAQIDBFxyZWxhdGl2ZVBhdGhZYWxpYXNEYXRhXxAvLi4vLi4vLi4vV29yay9SZXNlYXJjaC9SZWZlcmVuY2VzL0tlbGx5MjAxMy5wZGZPEQFkAAAAAAFkAAIAAAxNYWNpbnRvc2ggSEQAAAAAAAAAAAAAAAAAAAAAAAAAQkQAAf////8NS2VsbHkyMDEzLnBkZgAAAAAAAAAAAAAAAAAAAAAAAAAAAAAAAAAAAAAAAAAAAAAAAAAAAAAAAAAAAAAAAAAA/////wAAAAAAAAAAAAAAAAADAAQAAAogY3UAAAAAAAAAAAAAAAAAClJlZmVyZW5jZXMAAgA1LzpVc2VyczpzbWl0aHM6V29yazpSZXNlYXJjaDpSZWZlcmVuY2VzOktlbGx5MjAxMy5wZGYAAA4AHAANAEsAZQBsAGwAeQAyADAAMQAzAC4AcABkAGYADwAaAAwATQBhAGMAaQBuAHQAbwBzAGgAIABIAEQAEgAzVXNlcnMvc21pdGhzL1dvcmsvUmVzZWFyY2gvUmVmZXJlbmNlcy9LZWxseTIwMTMucGRmAAATAAEvAAAVAAIADf//AAAACAANABoAJABWAAAAAAAAAgEAAAAAAAAABQAAAAAAAAAAAAAAAAAAAb4=}}

@article{EasterbrookAndJohns2009,
	Address = {Los Alamitos, CA, USA},
	Author = {Easterbrook, Steve M. and Johns, Timothy C.},
	Date-Added = {2017-09-08 03:58:34 +0000},
	Date-Modified = {2017-09-08 03:58:34 +0000},
	Doi = {http://dx.doi.org/10.1109/MCSE.2009.193},
	Issn = {0740-7475},
	Journal = {Comuting in Science \& Engineering},
	Month = {November/December},
	Number = {6},
	Pages = {65--74},
	Publisher = {IEEE Computer Society Press},
	Title = {Engineering the Software for Understanding Climate Change},
	Volume = {11},
	Year = {2009},
	Bdsk-File-1 = {YnBsaXN0MDDSAQIDBFxyZWxhdGl2ZVBhdGhZYWxpYXNEYXRhXxA/Li4vLi4vc2U0c2MvU2NpQ29tcEFuZFNvZnRFbmdQYXBlcnMvRWFzdGVyYnJvb2tBbmRKb2huczIwMDkucGRmTxEBvgAAAAABvgACAAAMTWFjaW50b3NoIEhEAAAAAAAAAAAAAAAAAAAAAAAAAEJEAAH/////G0Vhc3RlcmJyb29rQW5kSm9obnMyMDA5LnBkZgAAAAAAAAAAAAAAAAAAAAAAAAAAAAAAAAAAAAAAAAAAAAAAAP////8AAAAAAAAAAAAAAAAAAgADAAAKIGN1AAAAAAAAAAAAAAAAABdTY2lDb21wQW5kU29mdEVuZ1BhcGVycwAAAgBOLzpVc2VyczpzbWl0aHM6UmVwb3M6c2U0c2M6U2NpQ29tcEFuZFNvZnRFbmdQYXBlcnM6RWFzdGVyYnJvb2tBbmRKb2huczIwMDkucGRmAA4AOAAbAEUAYQBzAHQAZQByAGIAcgBvAG8AawBBAG4AZABKAG8AaABuAHMAMgAwADAAOQAuAHAAZABmAA8AGgAMAE0AYQBjAGkAbgB0AG8AcwBoACAASABEABIATFVzZXJzL3NtaXRocy9SZXBvcy9zZTRzYy9TY2lDb21wQW5kU29mdEVuZ1BhcGVycy9FYXN0ZXJicm9va0FuZEpvaG5zMjAwOS5wZGYAEwABLwAAFQACAA3//wAAAAgADQAaACQAZgAAAAAAAAIBAAAAAAAAAAUAAAAAAAAAAAAAAAAAAAIo},
	Bdsk-Url-1 = {http://dx.doi.org/10.1109/MCSE.2009.193}}

@inproceedings{CarverEtAl2007,
	Address = {Washington, DC, USA},
	Author = {Jeffrey C. Carver and Richard P. Kendall and Susan E. Squires and Douglass E. Post},
	Booktitle = {ICSE '07: Proceedings of the 29th International Conference on Software Engineering},
	Date-Added = {2017-09-08 03:58:12 +0000},
	Date-Modified = {2017-09-08 03:58:12 +0000},
	Doi = {http://dx.doi.org/10.1109/ICSE.2007.77},
	Isbn = {0-7695-2828-7},
	Local-Url = {file://localhost/Users/smiths/LongTermArchives/Work/Research/References/SciCompAndSoftEng/CarverEtAl2007.pdf},
	Pages = {550--559},
	Publisher = {IEEE Computer Society},
	Title = {Software Development Environments for Scientific and Engineering Software: A Series of Case Studies},
	Year = {2007},
	Bdsk-File-1 = {YnBsaXN0MDDSAQIDBFxyZWxhdGl2ZVBhdGhZYWxpYXNEYXRhXxA0Li4vLi4vLi4vV29yay9SZXNlYXJjaC9SZWZlcmVuY2VzL0NhcnZlckV0QWwyMDA3LnBkZk8RAXYAAAAAAXYAAgAADE1hY2ludG9zaCBIRAAAAAAAAAAAAAAAAAAAAAAAAABCRAAB/////xJDYXJ2ZXJFdEFsMjAwNy5wZGYAAAAAAAAAAAAAAAAAAAAAAAAAAAAAAAAAAAAAAAAAAAAAAAAAAAAAAAAAAAD/////AAAAAAAAAAAAAAAAAAMABAAACiBjdQAAAAAAAAAAAAAAAAAKUmVmZXJlbmNlcwACADovOlVzZXJzOnNtaXRoczpXb3JrOlJlc2VhcmNoOlJlZmVyZW5jZXM6Q2FydmVyRXRBbDIwMDcucGRmAA4AJgASAEMAYQByAHYAZQByAEUAdABBAGwAMgAwADAANwAuAHAAZABmAA8AGgAMAE0AYQBjAGkAbgB0AG8AcwBoACAASABEABIAOFVzZXJzL3NtaXRocy9Xb3JrL1Jlc2VhcmNoL1JlZmVyZW5jZXMvQ2FydmVyRXRBbDIwMDcucGRmABMAAS8AABUAAgAN//8AAAAIAA0AGgAkAFsAAAAAAAACAQAAAAAAAAAFAAAAAAAAAAAAAAAAAAAB1Q==},
	Bdsk-Url-1 = {http://dx.doi.org/10.1109/ICSE.2007.77}}

@article{AckroydEtAl2008,
	Author = {Karen S. Ackroyd and Steve H. Kinder and Geoff R. Mant and Mike C. Miller and Christine A. Ramsdale and Paul C. Stephenson},
	Date-Added = {2017-09-08 03:57:39 +0000},
	Date-Modified = {2017-09-08 03:57:39 +0000},
	Journal = {IEEE Software},
	Local-Url = {/Users/smiths/LongTermArchives/Work/Research/References/SciCompAndSoftEng/AckroydEtAl2008.pdf},
	Month = {July/August},
	Number = {4},
	Pages = {44--51},
	Title = {Scientific Software Development at a Research Facility},
	Volume = {25},
	Year = {2008},
	Bdsk-File-1 = {YnBsaXN0MDDSAQIDBFxyZWxhdGl2ZVBhdGhZYWxpYXNEYXRhXxA3Li4vLi4vc2U0c2MvU2NpQ29tcEFuZFNvZnRFbmdQYXBlcnMvQWNrcm95ZEV0QWwyMDA4LnBkZk8RAZ4AAAAAAZ4AAgAADE1hY2ludG9zaCBIRAAAAAAAAAAAAAAAAAAAAAAAAABCRAAB/////xNBY2tyb3lkRXRBbDIwMDgucGRmAAAAAAAAAAAAAAAAAAAAAAAAAAAAAAAAAAAAAAAAAAAAAAAAAAAAAAAAAAD/////AAAAAAAAAAAAAAAAAAIAAwAACiBjdQAAAAAAAAAAAAAAAAAXU2NpQ29tcEFuZFNvZnRFbmdQYXBlcnMAAAIARi86VXNlcnM6c21pdGhzOlJlcG9zOnNlNHNjOlNjaUNvbXBBbmRTb2Z0RW5nUGFwZXJzOkFja3JveWRFdEFsMjAwOC5wZGYADgAoABMAQQBjAGsAcgBvAHkAZABFAHQAQQBsADIAMAAwADgALgBwAGQAZgAPABoADABNAGEAYwBpAG4AdABvAHMAaAAgAEgARAASAERVc2Vycy9zbWl0aHMvUmVwb3Mvc2U0c2MvU2NpQ29tcEFuZFNvZnRFbmdQYXBlcnMvQWNrcm95ZEV0QWwyMDA4LnBkZgATAAEvAAAVAAIADf//AAAACAANABoAJABeAAAAAAAAAgEAAAAAAAAABQAAAAAAAAAAAAAAAAAAAgA=},
	Bdsk-File-2 = {YnBsaXN0MDDSAQIDBFxyZWxhdGl2ZVBhdGhZYWxpYXNEYXRhXxBbLi4vLi4vLi4vLi4vTG9uZ1Rlcm1BcmNoaXZlcy9Xb3JrL1Jlc2VhcmNoL1JlZmVyZW5jZXMvU2NpQ29tcEFuZFNvZnRFbmcvQWNrcm95ZEV0QWwyMDA4LnBkZk8RAgwAAAAAAgwAAgAADE1hY2ludG9zaCBIRAAAAAAAAAAAAAAAAAAAAMbFYQBIKwAAABKnkhNBY2tyb3lkRXRBbDIwMDgucGRmAAAAAAAAAAAAAAAAAAAAAAAAAAAAAAAAAAAAAAAAAAAAAAAAAAAAAAAAAAAAErRXyE50QgAAAAAAAAAAAAQABgAACSAAAAAAAAAAAAAAAAAAAAARU2NpQ29tcEFuZFNvZnRFbmcAABAACAAAxsWZQAAAABEACAAAyE6sggAAAAEAHAASp5IAEqI2ABKgygASoKkAEqClAAhZ9wAAfGMAAgBpTWFjaW50b3NoIEhEOlVzZXJzOnNtaXRoczpMb25nVGVybUFyY2hpdmVzOldvcms6UmVzZWFyY2g6UmVmZXJlbmNlczpTY2lDb21wQW5kU29mdEVuZzpBY2tyb3lkRXRBbDIwMDgucGRmAAAOACgAEwBBAGMAawByAG8AeQBkAEUAdABBAGwAMgAwADAAOAAuAHAAZABmAA8AGgAMAE0AYQBjAGkAbgB0AG8AcwBoACAASABEABIAXFVzZXJzL3NtaXRocy9Mb25nVGVybUFyY2hpdmVzL1dvcmsvUmVzZWFyY2gvUmVmZXJlbmNlcy9TY2lDb21wQW5kU29mdEVuZy9BY2tyb3lkRXRBbDIwMDgucGRmABMAAS8AABUAAgAN//8AAAAIAA0AGgAkAIIAAAAAAAACAQAAAAAAAAAFAAAAAAAAAAAAAAAAAAACkg==}}

@book{VanVliet2000,
	Address = {New York, NY, USA},
	Author = {Hans van Vliet},
	Date-Added = {2017-09-08 03:57:00 +0000},
	Date-Modified = {2017-09-08 03:57:00 +0000},
	Isbn = {0-471-97508-7},
	Publisher = {John Wiley \& Sons, Inc.},
	Title = {Software Engineering (2nd ed.): Principles and Practice},
	Year = {2000},
	Bdsk-File-1 = {YnBsaXN0MDDSAQIDBFxyZWxhdGl2ZVBhdGhZYWxpYXNEYXRhXxAyLi4vLi4vLi4vV29yay9SZXNlYXJjaC9SZWZlcmVuY2VzL1ZhblZsaWV0MjAwMC5wZGZPEQFuAAAAAAFuAAIAAAxNYWNpbnRvc2ggSEQAAAAAAAAAAAAAAAAAAAAAAAAAQkQAAf////8QVmFuVmxpZXQyMDAwLnBkZgAAAAAAAAAAAAAAAAAAAAAAAAAAAAAAAAAAAAAAAAAAAAAAAAAAAAAAAAAAAAAA/////wAAAAAAAAAAAAAAAAADAAQAAAogY3UAAAAAAAAAAAAAAAAAClJlZmVyZW5jZXMAAgA4LzpVc2VyczpzbWl0aHM6V29yazpSZXNlYXJjaDpSZWZlcmVuY2VzOlZhblZsaWV0MjAwMC5wZGYADgAiABAAVgBhAG4AVgBsAGkAZQB0ADIAMAAwADAALgBwAGQAZgAPABoADABNAGEAYwBpAG4AdABvAHMAaAAgAEgARAASADZVc2Vycy9zbWl0aHMvV29yay9SZXNlYXJjaC9SZWZlcmVuY2VzL1ZhblZsaWV0MjAwMC5wZGYAEwABLwAAFQACAA3//wAAAAgADQAaACQAWQAAAAAAAAIBAAAAAAAAAAUAAAAAAAAAAAAAAAAAAAHL}}

@article{TaschukAndWilson2017,
	Abstract = {{[Abstract]

Software produced for research, published and otherwise, suffers from a number of common problems that make it difficult or impossible to run outside the original institution or even off the primary developer's computer. We present ten simple rules to make such software robust enough to be run by anyone, anywhere, and thereby delight your users and collaborators.

[Author summary]

Many researchers have found out the hard way that there's a world of difference between  '' works for me on my machine'' and  '' works for other people on theirs.'' Many common challenges can be avoided by following a few simple rules; doing so not only improves reproducibility but can accelerate research.

[Excerpt]
[\n] [...]
Best practices in software engineering specifically aim to increase software robustness. However, most bioinformaticians learn what they know about software development on the job or otherwise informally [...]. Existing training programs and initiatives rarely have the time to cover software engineering in depth, especially since the field is so broad and developing so rapidly [...]. In addition, making software robust is not directly rewarded in science, and funding is difficult to come by [...]. Some proposed solutions to this problem include restructuring educational programs, hiring dedicated software engineers [...], partnering with private sector or grassroots organizations [...], or using specific technical tools like containerization or cloud computing [...]. Each of these requires time and, in some cases, institutional change.

[\n] The good news is you don't need to be a professionally trained programmer to write robust software. In fact, some of the best, most reliable pieces of software in many scientific communities are written by researchers [...] who have adopted strong software engineering approaches, have high standards of reproducibility, use good testing practices, and foster strong user bases through constantly evolving, clearly documented, useful, and useable software.
[...]

[\n] So what is  '' robust'' software? We implied above that it is software that works for people other than the original author and on machines other than its creator's. More specifically, we mean that:

[::] it can be installed on more than one computer with relative ease,
[::] it works consistently as advertised, and
[::] it can be integrated with other tools.

[\n] Our rules are generic and can be applied to all languages, libraries, packages, documentation styles, and operating systems for both closed-source and open-source software. They are also necessary steps toward making computational research replicable and reproducible: after all, if your tools and libraries cannot be run by others, they cannot be used to verify your results or as a stepping stone for future work [...]

[::] Rule 1: Use version control [...]
[::] Rule 2: Document your code and usage [...]
[::] Rule 3: Make common operations easy to control [...]
[::] Rule 4: Version your releases [...]
[::] Rule 5: Reuse software (within reason) [...]
[::] Rule 6: Rely on build tools and package managers for installation [...]
[::] Rule 7: Do not require root or other special privileges to install or run [...]
[::] Rule 8: Eliminate hard-coded paths [...]
[::] Rule 9: Include a small test set that can be run to ensure the software is actually working [...]
[::] Rule 10: Produce identical results when given identical inputs [...]
[\n] [...]}},
	Author = {Taschuk, Morgan and Wilson, Greg},
	Citeulike-Article-Id = {14337051},
	Citeulike-Linkout-0 = {http://mfkp.org/INRMM/article/14337051},
	Citeulike-Linkout-1 = {https://scholar.google.com/scholar?cluster=6425036906123073798},
	Citeulike-Linkout-2 = {http://dx.doi.org/10.1371/journal.pcbi.1005412},
	Date-Added = {2017-09-07 18:14:58 +0000},
	Date-Modified = {2017-09-07 18:14:58 +0000},
	Day = {13},
	Doi = {10.1371/journal.pcbi.1005412},
	Issn = {1553-7358},
	Journal = {PLOS Computational Biology},
	Keywords = {bias-disembodied-science-vs-computational-scholarship, check-list, computational-science, free-scientific-knowledge, reproducible-research, software-engineering, software-uncertainty},
	Month = apr,
	Number = {4},
	Pages = {e1005412+},
	Posted-At = {2017-04-19 10:44:23},
	Priority = {2},
	Publisher = {Public Library of Science},
	Title = {{Ten simple rules for making research software more robust}},
	Url = {http://mfkp.org/INRMM/article/14337051},
	Volume = {13},
	Year = {2017},
	Bdsk-File-1 = {YnBsaXN0MDDSAQIDBFxyZWxhdGl2ZVBhdGhZYWxpYXNEYXRhXxA8Li4vLi4vc2U0c2MvU2NpQ29tcEFuZFNvZnRFbmdQYXBlcnMvVGFzY2h1a0FuZFdpbHNvbjIwMTcucGRmTxEBtAAAAAABtAACAAAMTWFjaW50b3NoIEhEAAAAAAAAAAAAAAAAAAAAAAAAAEJEAAH/////GFRhc2NodWtBbmRXaWxzb24yMDE3LnBkZgAAAAAAAAAAAAAAAAAAAAAAAAAAAAAAAAAAAAAAAAAAAAAAAAAAAP////8AAAAAAAAAAAAAAAAAAgADAAAKIGN1AAAAAAAAAAAAAAAAABdTY2lDb21wQW5kU29mdEVuZ1BhcGVycwAAAgBLLzpVc2VyczpzbWl0aHM6UmVwb3M6c2U0c2M6U2NpQ29tcEFuZFNvZnRFbmdQYXBlcnM6VGFzY2h1a0FuZFdpbHNvbjIwMTcucGRmAAAOADIAGABUAGEAcwBjAGgAdQBrAEEAbgBkAFcAaQBsAHMAbwBuADIAMAAxADcALgBwAGQAZgAPABoADABNAGEAYwBpAG4AdABvAHMAaAAgAEgARAASAElVc2Vycy9zbWl0aHMvUmVwb3Mvc2U0c2MvU2NpQ29tcEFuZFNvZnRFbmdQYXBlcnMvVGFzY2h1a0FuZFdpbHNvbjIwMTcucGRmAAATAAEvAAAVAAIADf//AAAACAANABoAJABjAAAAAAAAAgEAAAAAAAAABQAAAAAAAAAAAAAAAAAAAhs=},
	Bdsk-Url-1 = {http://mfkp.org/INRMM/article/14337051},
	Bdsk-Url-2 = {http://dx.doi.org/10.1371/journal.pcbi.1005412}}

@article{WilsonEtAl2016,
	Author = {Greg Wilson and Jennifer Bryan and Karen Cranston and Justin Kitzes and Lex Nederbragt and Tracy K. Teal},
	Bibsource = {dblp computer science bibliography, http://dblp.org},
	Biburl = {http://dblp.uni-trier.de/rec/bib/journals/corr/WilsonBCKNT16},
	Date-Added = {2017-09-07 18:14:51 +0000},
	Date-Modified = {2017-09-07 18:14:51 +0000},
	Journal = {CoRR},
	Timestamp = {Wed, 07 Jun 2017 14:42:20 +0200},
	Title = {Good Enough Practices in Scientific Computing},
	Url = {http://arxiv.org/abs/1609.00037},
	Volume = {abs/1609.00037},
	Year = {2016},
	Bdsk-File-1 = {YnBsaXN0MDDSAQIDBFxyZWxhdGl2ZVBhdGhZYWxpYXNEYXRhXxA2Li4vLi4vc2U0c2MvU2NpQ29tcEFuZFNvZnRFbmdQYXBlcnMvV2lsc29uRXRBbDIwMTYucGRmTxEBnAAAAAABnAACAAAMTWFjaW50b3NoIEhEAAAAAAAAAAAAAAAAAAAAAAAAAEJEAAH/////EldpbHNvbkV0QWwyMDE2LnBkZgAAAAAAAAAAAAAAAAAAAAAAAAAAAAAAAAAAAAAAAAAAAAAAAAAAAAAAAAAAAP////8AAAAAAAAAAAAAAAAAAgADAAAKIGN1AAAAAAAAAAAAAAAAABdTY2lDb21wQW5kU29mdEVuZ1BhcGVycwAAAgBFLzpVc2VyczpzbWl0aHM6UmVwb3M6c2U0c2M6U2NpQ29tcEFuZFNvZnRFbmdQYXBlcnM6V2lsc29uRXRBbDIwMTYucGRmAAAOACYAEgBXAGkAbABzAG8AbgBFAHQAQQBsADIAMAAxADYALgBwAGQAZgAPABoADABNAGEAYwBpAG4AdABvAHMAaAAgAEgARAASAENVc2Vycy9zbWl0aHMvUmVwb3Mvc2U0c2MvU2NpQ29tcEFuZFNvZnRFbmdQYXBlcnMvV2lsc29uRXRBbDIwMTYucGRmAAATAAEvAAAVAAIADf//AAAACAANABoAJABdAAAAAAAAAgEAAAAAAAAABQAAAAAAAAAAAAAAAAAAAf0=},
	Bdsk-Url-1 = {http://arxiv.org/abs/1609.00037}}

@inbook{RobertsonAndRobertson2012,
	Author = {James Robertson and Suzanne Robertson},
	Date-Added = {2017-09-07 18:01:08 +0000},
	Date-Modified = {2017-09-07 18:01:08 +0000},
	Editor = {16},
	Publisher = {Atlantic Systems Guild Limited},
	Title = {Volere Requirements Specification Template},
	Year = {2012},
	Bdsk-File-1 = {YnBsaXN0MDDSAQIDBFxyZWxhdGl2ZVBhdGhZYWxpYXNEYXRhXxA0Li4vLi4vc2UzeGEzL1JlZmVyZW5jZU1hdGVyaWFsL1ZvbGVyZSB0ZW1wbGF0ZTE2LmRvY08RAZgAAAAAAZgAAgAADE1hY2ludG9zaCBIRAAAAAAAAAAAAAAAAAAAAAAAAABCRAAB/////xVWb2xlcmUgdGVtcGxhdGUxNi5kb2MAAAAAAAAAAAAAAAAAAAAAAAAAAAAAAAAAAAAAAAAAAAAAAAAAAAAAAAD/////AAAAAAAAAAAAAAAAAAIAAwAACiBjdQAAAAAAAAAAAAAAAAARUmVmZXJlbmNlTWF0ZXJpYWwAAAIAQy86VXNlcnM6c21pdGhzOlJlcG9zOnNlM3hhMzpSZWZlcmVuY2VNYXRlcmlhbDpWb2xlcmUgdGVtcGxhdGUxNi5kb2MAAA4ALAAVAFYAbwBsAGUAcgBlACAAdABlAG0AcABsAGEAdABlADEANgAuAGQAbwBjAA8AGgAMAE0AYQBjAGkAbgB0AG8AcwBoACAASABEABIAQVVzZXJzL3NtaXRocy9SZXBvcy9zZTN4YTMvUmVmZXJlbmNlTWF0ZXJpYWwvVm9sZXJlIHRlbXBsYXRlMTYuZG9jAAATAAEvAAAVAAIADf//AAAACAANABoAJABbAAAAAAAAAgEAAAAAAAAABQAAAAAAAAAAAAAAAAAAAfc=}}

@book{HoffmanAndStrooper1995,
	Address = {New York, NY, USA},
	Author = {Daniel M. Hoffman and Paul A. Strooper},
	Date-Added = {2017-09-07 18:01:05 +0000},
	Date-Modified = {2017-09-07 18:01:05 +0000},
	Local-Url = {file://localhost/Users/smiths/LongTermArchives/Work/Research/References/SoftwareEngineering/software-design-automated-testing.pdf},
	Publisher = {International Thomson Computer Press},
	Title = {Software Design, Automated Testing, and Maintenance: A Practical Approach},
	Url = {http:// citeseer.ist.psu.edu/428727.html},
	Year = {1995},
	Bdsk-File-1 = {YnBsaXN0MDDSAQIDBFxyZWxhdGl2ZVBhdGhZYWxpYXNEYXRhXxA5Li4vLi4vc2UzeGEzL1JlZmVyZW5jZU1hdGVyaWFsL0hvZmZtYW5BbmRTdHJvb3BlcjE5OTUucGRmTxEBqgAAAAABqgACAAAMTWFjaW50b3NoIEhEAAAAAAAAAAAAAAAAAAAAAAAAAEJEAAH/////GkhvZmZtYW5BbmRTdHJvb3BlcjE5OTUucGRmAAAAAAAAAAAAAAAAAAAAAAAAAAAAAAAAAAAAAAAAAAAAAAAAAP////8AAAAAAAAAAAAAAAAAAgADAAAKIGN1AAAAAAAAAAAAAAAAABFSZWZlcmVuY2VNYXRlcmlhbAAAAgBILzpVc2VyczpzbWl0aHM6UmVwb3M6c2UzeGEzOlJlZmVyZW5jZU1hdGVyaWFsOkhvZmZtYW5BbmRTdHJvb3BlcjE5OTUucGRmAA4ANgAaAEgAbwBmAGYAbQBhAG4AQQBuAGQAUwB0AHIAbwBvAHAAZQByADEAOQA5ADUALgBwAGQAZgAPABoADABNAGEAYwBpAG4AdABvAHMAaAAgAEgARAASAEZVc2Vycy9zbWl0aHMvUmVwb3Mvc2UzeGEzL1JlZmVyZW5jZU1hdGVyaWFsL0hvZmZtYW5BbmRTdHJvb3BlcjE5OTUucGRmABMAAS8AABUAAgAN//8AAAAIAA0AGgAkAGAAAAAAAAACAQAAAAAAAAAFAAAAAAAAAAAAAAAAAAACDg==},
	Bdsk-Url-1 = {http://%20citeseer.ist.psu.edu/428727.html}}

@article{Parnas1972a,
	Author = {David L. Parnas},
	Date-Added = {2017-09-07 18:01:00 +0000},
	Date-Modified = {2017-09-07 18:01:00 +0000},
	Journal = {Comm. ACM},
	Month = {December},
	Number = {2},
	Pages = {1053--1058},
	Title = {On the Criteria To Be Used in Decomposing Systems into Modules},
	Volume = {15},
	Year = {1972},
	Bdsk-File-1 = {YnBsaXN0MDDSAQIDBFxyZWxhdGl2ZVBhdGhZYWxpYXNEYXRhXxAwLi4vLi4vLi4vV29yay9SZXNlYXJjaC9SZWZlcmVuY2VzL1Bhcm5hczE5NzIucGRmTxEBZgAAAAABZgACAAAMTWFjaW50b3NoIEhEAAAAAAAAAAAAAAAAAAAAAAAAAEJEAAH/////DlBhcm5hczE5NzIucGRmAAAAAAAAAAAAAAAAAAAAAAAAAAAAAAAAAAAAAAAAAAAAAAAAAAAAAAAAAAAAAAAAAP////8AAAAAAAAAAAAAAAAAAwAEAAAKIGN1AAAAAAAAAAAAAAAAAApSZWZlcmVuY2VzAAIANi86VXNlcnM6c21pdGhzOldvcms6UmVzZWFyY2g6UmVmZXJlbmNlczpQYXJuYXMxOTcyLnBkZgAOAB4ADgBQAGEAcgBuAGEAcwAxADkANwAyAC4AcABkAGYADwAaAAwATQBhAGMAaQBuAHQAbwBzAGgAIABIAEQAEgA0VXNlcnMvc21pdGhzL1dvcmsvUmVzZWFyY2gvUmVmZXJlbmNlcy9QYXJuYXMxOTcyLnBkZgATAAEvAAAVAAIADf//AAAACAANABoAJABXAAAAAAAAAgEAAAAAAAAABQAAAAAAAAAAAAAAAAAAAcE=}}

@article{SmithEtAl2007,
	Author = {W. Spencer Smith and Lei Lai and Ridha Khedri},
	Date-Added = {2017-09-05 03:00:52 +0000},
	Date-Modified = {2017-09-05 03:00:52 +0000},
	Journal = {Reliable Computing, Special Issue on Reliable Engineering Computation},
	Local-Url = {/Users/smiths/Work/Research/Papers/ReliableComputing/SmithLaiAndKhedri2007fulltext.pdf},
	Month = {February},
	Number = {1},
	Pages = {83--107},
	Title = {Requirements Analysis for Engineering Computation: A Systematic Approach for Improving Software Reliability},
	Volume = {13},
	Year = {2007},
	Bdsk-File-1 = {YnBsaXN0MDDSAQIDBFxyZWxhdGl2ZVBhdGhZYWxpYXNEYXRhXxBFLi4vLi4vc2U0c2MvU2NpQ29tcEFuZFNvZnRFbmdQYXBlcnMvU21pdGhMYWlBbmRLaGVkcmkyMDA3ZnVsbHRleHQucGRmTxEB1gAAAAAB1gACAAAMTWFjaW50b3NoIEhEAAAAAAAAAAAAAAAAAAAAAAAAAEJEAAH/////H1NtaXRoTGFpQW5kS2hlZHJpMiNGRkZGRkZGRi5wZGYAAAAAAAAAAAAAAAAAAAAAAAAAAAAAAAAAAAAAAAAAAP////8AAAAAAAAAAAAAAAAAAgADAAAKIGN1AAAAAAAAAAAAAAAAABdTY2lDb21wQW5kU29mdEVuZ1BhcGVycwAAAgBULzpVc2VyczpzbWl0aHM6UmVwb3M6c2U0c2M6U2NpQ29tcEFuZFNvZnRFbmdQYXBlcnM6U21pdGhMYWlBbmRLaGVkcmkyMDA3ZnVsbHRleHQucGRmAA4ARAAhAFMAbQBpAHQAaABMAGEAaQBBAG4AZABLAGgAZQBkAHIAaQAyADAAMAA3AGYAdQBsAGwAdABlAHgAdAAuAHAAZABmAA8AGgAMAE0AYQBjAGkAbgB0AG8AcwBoACAASABEABIAUlVzZXJzL3NtaXRocy9SZXBvcy9zZTRzYy9TY2lDb21wQW5kU29mdEVuZ1BhcGVycy9TbWl0aExhaUFuZEtoZWRyaTIwMDdmdWxsdGV4dC5wZGYAEwABLwAAFQACAA3//wAAAAgADQAaACQAbAAAAAAAAAIBAAAAAAAAAAUAAAAAAAAAAAAAAAAAAAJG},
	Bdsk-File-2 = {YnBsaXN0MDDSAQIDBFxyZWxhdGl2ZVBhdGhZYWxpYXNEYXRhXxBRLi4vLi4vLi4vV29yay9SZXNlYXJjaC9QYXBlcnMvUmVsaWFibGVDb21wdXRpbmcvU21pdGhMYWlBbmRLaGVkcmkyMDA3ZnVsbHRleHQucGRmTxEB2AAAAAAB2AACAAAMTWFjaW50b3NoIEhEAAAAAAAAAAAAAAAAAAAAAAAAAEJEAAH/////H1NtaXRoTGFpQW5kS2hlZHJpMiNGRkZGRkZGRi5wZGYAAAAAAAAAAAAAAAAAAAAAAAAAAAAAAAAAAAAAAAAAAP////8AAAAAUERGIENBUk8AAwAFAAAKIGN1AAAAAAAAAAAAAAAAABFSZWxpYWJsZUNvbXB1dGluZwAAAgBXLzpVc2VyczpzbWl0aHM6V29yazpSZXNlYXJjaDpQYXBlcnM6UmVsaWFibGVDb21wdXRpbmc6U21pdGhMYWlBbmRLaGVkcmkyMDA3ZnVsbHRleHQucGRmAAAOAEQAIQBTAG0AaQB0AGgATABhAGkAQQBuAGQASwBoAGUAZAByAGkAMgAwADAANwBmAHUAbABsAHQAZQB4AHQALgBwAGQAZgAPABoADABNAGEAYwBpAG4AdABvAHMAaAAgAEgARAASAFVVc2Vycy9zbWl0aHMvV29yay9SZXNlYXJjaC9QYXBlcnMvUmVsaWFibGVDb21wdXRpbmcvU21pdGhMYWlBbmRLaGVkcmkyMDA3ZnVsbHRleHQucGRmAAATAAEvAAAVAAIADf//AAAACAANABoAJAB4AAAAAAAAAgEAAAAAAAAABQAAAAAAAAAAAAAAAAAAAlQ=}}

@incollection{Smith2016,
	Author = {W. Spencer Smith},
	Booktitle = {Software Engineering for Science},
	Chapter = {Section {I} -- Examples of the Application of Traditional Software Engineering Practices to Science},
	Date-Added = {2017-09-05 02:57:01 +0000},
	Date-Modified = {2017-09-05 03:02:48 +0000},
	Editor = {Jeffrey C. Carver and Neil Chue Hong and George Thiruvathukal},
	Pages = {33--63},
	Publisher = {Taylor \& Francis},
	Title = {A Rational Document Driven Design Process for Scientific Computing Software},
	Year = {2016},
	Bdsk-File-1 = {YnBsaXN0MDDSAQIDBFxyZWxhdGl2ZVBhdGhZYWxpYXNEYXRhXxBDLi4vLi4vc2U0c2MvV3JpdGluZy9Tb2Z0RW5nRm9yU2NpZW5jZUJvb2svU29mdEVuZ0ZvclNjaWVuY2VCb29rLnBkZk8RAcAAAAAAAcAAAgAADE1hY2ludG9zaCBIRAAAAAAAAAAAAAAAAAAAAAAAAABCRAAB/////xlTb2Z0RW5nRm9yU2NpZW5jZUJvb2sucGRmAAAAAAAAAAAAAAAAAAAAAAAAAAAAAAAAAAAAAAAAAAAAAAAAAAD/////AAAAAAAAAAAAAAAAAAIABAAACiBjdQAAAAAAAAAAAAAAAAAVU29mdEVuZ0ZvclNjaWVuY2VCb29rAAACAFIvOlVzZXJzOnNtaXRoczpSZXBvczpzZTRzYzpXcml0aW5nOlNvZnRFbmdGb3JTY2llbmNlQm9vazpTb2Z0RW5nRm9yU2NpZW5jZUJvb2sucGRmAA4ANAAZAFMAbwBmAHQARQBuAGcARgBvAHIAUwBjAGkAZQBuAGMAZQBCAG8AbwBrAC4AcABkAGYADwAaAAwATQBhAGMAaQBuAHQAbwBzAGgAIABIAEQAEgBQVXNlcnMvc21pdGhzL1JlcG9zL3NlNHNjL1dyaXRpbmcvU29mdEVuZ0ZvclNjaWVuY2VCb29rL1NvZnRFbmdGb3JTY2llbmNlQm9vay5wZGYAEwABLwAAFQACAA3//wAAAAgADQAaACQAagAAAAAAAAIBAAAAAAAAAAUAAAAAAAAAAAAAAAAAAAIu},
	Bdsk-File-2 = {YnBsaXN0MDDSAQIDBFxyZWxhdGl2ZVBhdGhZYWxpYXNEYXRhXxAhLi4vLi4vLi4vLi4vRG93bmxvYWRzL3NjaWVuY2UuYmliTxEBcgAAAAABcgACAAAMTWFjaW50b3NoIEhEAAAAAAAAAAAAAAAAAAAAzpdzg0grAAAACPdpC3NjaWVuY2UuYmliAAAAAAAAAAAAAAAAAAAAAAAAAAAAAAAAAAAAAAAAAAAAAAAAAAAAAAAAAAAAAAAAAAAAAAjOzjrTOpfWAAAAAAAAAAAABAACAAAJIAAAAAAAAAAAAAAAAAAAAAlEb3dubG9hZHMAABAACAAAzperwwAAABEACAAA0zrQFgAAAAEADAAI92kACPdmAAJkjgACADJNYWNpbnRvc2ggSEQ6VXNlcnM6AHNtaXRoczoARG93bmxvYWRzOgBzY2llbmNlLmJpYgAOABgACwBzAGMAaQBlAG4AYwBlAC4AYgBpAGIADwAaAAwATQBhAGMAaQBuAHQAbwBzAGgAIABIAEQAEgAiVXNlcnMvc21pdGhzL0Rvd25sb2Fkcy9zY2llbmNlLmJpYgATAAEvAAAVAAIADf//AAAACAANABoAJABIAAAAAAAAAgEAAAAAAAAABQAAAAAAAAAAAAAAAAAAAb4=}}

@techreport{KreymanAndParnas2002,
	Author = {K. Kreyman and D. L. Parnas},
	Date-Added = {2017-09-05 02:36:31 +0000},
	Date-Modified = {2017-09-05 02:36:31 +0000},
	Institution = {Software Quality Research Laboratory, McMaster University},
	Local-Url = {/Users/smiths/LongTermArchives/Work/Research/References/SciCompAndSoftEng/KreymanAndParnas2002.pdf},
	Month = {January},
	Number = {1},
	Title = {On Documenting the Requirements for Computer Programs Based on Models of Physical Phenomena},
	Type = {SQRL Report},
	Year = {2002},
	Bdsk-File-1 = {YnBsaXN0MDDSAQIDBFxyZWxhdGl2ZVBhdGhZYWxpYXNEYXRhXxA8Li4vLi4vc2U0c2MvU2NpQ29tcEFuZFNvZnRFbmdQYXBlcnMvS3JleW1hbkFuZFBhcm5hczIwMDIucGRmTxEBtAAAAAABtAACAAAMTWFjaW50b3NoIEhEAAAAAAAAAAAAAAAAAAAAAAAAAEJEAAH/////GEtyZXltYW5BbmRQYXJuYXMyMDAyLnBkZgAAAAAAAAAAAAAAAAAAAAAAAAAAAAAAAAAAAAAAAAAAAAAAAAAAAP////8AAAAAAAAAAAAAAAAAAgADAAAKIGN1AAAAAAAAAAAAAAAAABdTY2lDb21wQW5kU29mdEVuZ1BhcGVycwAAAgBLLzpVc2VyczpzbWl0aHM6UmVwb3M6c2U0c2M6U2NpQ29tcEFuZFNvZnRFbmdQYXBlcnM6S3JleW1hbkFuZFBhcm5hczIwMDIucGRmAAAOADIAGABLAHIAZQB5AG0AYQBuAEEAbgBkAFAAYQByAG4AYQBzADIAMAAwADIALgBwAGQAZgAPABoADABNAGEAYwBpAG4AdABvAHMAaAAgAEgARAASAElVc2Vycy9zbWl0aHMvUmVwb3Mvc2U0c2MvU2NpQ29tcEFuZFNvZnRFbmdQYXBlcnMvS3JleW1hbkFuZFBhcm5hczIwMDIucGRmAAATAAEvAAAVAAIADf//AAAACAANABoAJABjAAAAAAAAAgEAAAAAAAAABQAAAAAAAAAAAAAAAAAAAhs=}}

@article{Wilson2006,
	Author = {Gregory V.~Wilson},
	Date-Added = {2017-09-05 02:26:32 +0000},
	Date-Modified = {2017-09-05 02:26:32 +0000},
	Journal = {American Scientist},
	Number = {1},
	Title = {Where's the Real Bottleneck in Scientific Computing? {S}cientists would do well to pick some tools widely used in the software industry},
	Url = {http://www.americanscientist.org/issues/pub/wheres-the-real-bottleneck-in-scientific-computing},
	Volume = {94},
	Year = {2006},
	Bdsk-File-1 = {YnBsaXN0MDDSAQIDBFxyZWxhdGl2ZVBhdGhZYWxpYXNEYXRhXxAwLi4vLi4vLi4vV29yay9SZXNlYXJjaC9SZWZlcmVuY2VzL1dpbHNvbjIwMDYucGRmTxEBZgAAAAABZgACAAAMTWFjaW50b3NoIEhEAAAAAAAAAAAAAAAAAAAAAAAAAEJEAAH/////DldpbHNvbjIwMDYucGRmAAAAAAAAAAAAAAAAAAAAAAAAAAAAAAAAAAAAAAAAAAAAAAAAAAAAAAAAAAAAAAAAAP////8AAAAAAAAAAAAAAAAAAwAEAAAKIGN1AAAAAAAAAAAAAAAAAApSZWZlcmVuY2VzAAIANi86VXNlcnM6c21pdGhzOldvcms6UmVzZWFyY2g6UmVmZXJlbmNlczpXaWxzb24yMDA2LnBkZgAOAB4ADgBXAGkAbABzAG8AbgAyADAAMAA2AC4AcABkAGYADwAaAAwATQBhAGMAaQBuAHQAbwBzAGgAIABIAEQAEgA0VXNlcnMvc21pdGhzL1dvcmsvUmVzZWFyY2gvUmVmZXJlbmNlcy9XaWxzb24yMDA2LnBkZgATAAEvAAAVAAIADf//AAAACAANABoAJABXAAAAAAAAAgEAAAAAAAAABQAAAAAAAAAAAAAAAAAAAcE=},
	Bdsk-Url-1 = {http://www.americanscientist.org/issues/pub/wheres-the-real-bottleneck-in-scientific-computing}}

@article{Dubois2002,
	Author = {Paul F. Dubois},
	Date-Added = {2017-09-05 02:25:03 +0000},
	Date-Modified = {2017-09-05 02:25:03 +0000},
	Journal = {Computing in Science and Engineering},
	Local-Url = {file://localhost/Users/smiths/LongTermArchives/Work/Research/References/SciCompAndSoftEng/Dubois2002.pdf},
	Month = {September},
	Number = {5},
	Pages = {84--90},
	Title = {Designing Scientific Components},
	Volume = {4},
	Year = {2002},
	Bdsk-File-1 = {YnBsaXN0MDDSAQIDBFxyZWxhdGl2ZVBhdGhZYWxpYXNEYXRhXkR1Ym9pczIwMDIucGRmTxEBegAAAAABegACAAAMTWFjaW50b3NoIEhEAAAAAAAAAAAAAAAAAAAAAAAAAEJEAAH/////DkR1Ym9pczIwMDIucGRmAAAAAAAAAAAAAAAAAAAAAAAAAAAAAAAAAAAAAAAAAAAAAAAAAAAAAAAAAAAAAAAAAP////8AAAAAAAAAAAAAAAAAAQACAAAKIGN1AAAAAAAAAAAAAAAAABFSZWZlcmVuY2VNYXRlcmlhbAAAAgA8LzpVc2VyczpzbWl0aHM6UmVwb3M6Y2FzNzQxOlJlZmVyZW5jZU1hdGVyaWFsOkR1Ym9pczIwMDIucGRmAA4AHgAOAEQAdQBiAG8AaQBzADIAMAAwADIALgBwAGQAZgAPABoADABNAGEAYwBpAG4AdABvAHMAaAAgAEgARAASADpVc2Vycy9zbWl0aHMvUmVwb3MvY2FzNzQxL1JlZmVyZW5jZU1hdGVyaWFsL0R1Ym9pczIwMDIucGRmABMAAS8AABUAAgAN//8AAAAIAA0AGgAkADMAAAAAAAACAQAAAAAAAAAFAAAAAAAAAAAAAAAAAAABsQ==}}

@article{Segal2005,
	Author = {Segal, Judith},
	Citeulike-Article-Id = {342252},
	Date-Added = {2017-09-05 02:24:54 +0000},
	Date-Modified = {2017-09-05 02:24:54 +0000},
	Doi = {10.1007/s10664-005-3865-y},
	Issn = {1382-3256},
	Journal = {Empirical Software Engineering},
	Keywords = {components, enginner, experiment, research, science},
	Local-Url = {file://localhost/Users/smiths/LongTermArchives/Work/Research/References/SciCompAndSoftEng/Segal2005.pdf},
	Month = {October},
	Number = {4},
	Pages = {517--536},
	Posted-At = {2006-08-11 01:21:33},
	Priority = {4},
	Publisher = {Kluwer Academic Publishers},
	Title = {When Software Engineers Met Research Scientists: A Case Study},
	Url = {http://dx.doi.org/10.1007/s10664-005-3865-y},
	Volume = {10},
	Year = {2005},
	Bdsk-File-1 = {YnBsaXN0MDDSAQIDBFxyZWxhdGl2ZVBhdGhZYWxpYXNEYXRhXxBuLi4vLi4vT0xEX1NWTi9tbXNjT0xEX1NWTi9Eb21haW5YL1poZW5nIFplbmcvV3JpdGluZ3MvUmVmZXJlbmNlcy9QYXBlcnNPblNvZnRFbmdBcHBsaWVkVG9TY2lDb21wL1NlZ2FsMjAwNS5wZGZPEQIKAAAAAAIKAAIAAAxNYWNpbnRvc2ggSEQAAAAAAAAAAAAAAAAAAAAAAAAAQkQAAf////8NU2VnYWwyMDA1LnBkZgAAAAAAAAAAAAAAAAAAAAAAAAAAAAAAAAAAAAAAAAAAAAAAAAAAAAAAAAAAAAAAAAAA/////wAAAAAAAAAAAAAAAAACAAgAAAogY3UAAAAAAAAAAAAAAAAAH1BhcGVyc09uU29mdEVuZ0FwcGxpZWRUb1NjaUNvbXAAAAIAfS86VXNlcnM6c21pdGhzOlJlcG9zOk9MRF9TVk46bW1zY09MRF9TVk46RG9tYWluWDpaaGVuZyBaZW5nOldyaXRpbmdzOlJlZmVyZW5jZXM6UGFwZXJzT25Tb2Z0RW5nQXBwbGllZFRvU2NpQ29tcDpTZWdhbDIwMDUucGRmAAAOABwADQBTAGUAZwBhAGwAMgAwADAANQAuAHAAZABmAA8AGgAMAE0AYQBjAGkAbgB0AG8AcwBoACAASABEABIAe1VzZXJzL3NtaXRocy9SZXBvcy9PTERfU1ZOL21tc2NPTERfU1ZOL0RvbWFpblgvWmhlbmcgWmVuZy9Xcml0aW5ncy9SZWZlcmVuY2VzL1BhcGVyc09uU29mdEVuZ0FwcGxpZWRUb1NjaUNvbXAvU2VnYWwyMDA1LnBkZgAAEwABLwAAFQACAA3//wAAAAgADQAaACQAlQAAAAAAAAIBAAAAAAAAAAUAAAAAAAAAAAAAAAAAAAKj},
	Bdsk-Url-1 = {http://dx.doi.org/10.1007/s10664-005-3865-y}}

@inproceedings{Segal2008,
	Address = {Leipzig, Germany},
	Author = {Judith Segal},
	Booktitle = {Proceedings of the First International Workshop on Software Engineering for Computational Science and Engineering (SECSE 2008)},
	Date-Added = {2017-09-05 02:24:42 +0000},
	Date-Modified = {2017-09-05 02:24:42 +0000},
	Organization = {In conjunction with the 30th International Conference on Software Engineering (ICSE)},
	Pages = {1--6},
	Title = {Models of Scientific Software Development},
	Url = {http://www.cse.msstate.edu/~SECSE08/schedule.htm},
	Year = {2008},
	Bdsk-File-1 = {YnBsaXN0MDDSAQIDBFxyZWxhdGl2ZVBhdGhZYWxpYXNEYXRhXxAvLi4vLi4vLi4vV29yay9SZXNlYXJjaC9SZWZlcmVuY2VzL1NlZ2FsMjAwOC5wZGZPEQFkAAAAAAFkAAIAAAxNYWNpbnRvc2ggSEQAAAAAAAAAAAAAAAAAAAAAAAAAQkQAAf////8NU2VnYWwyMDA4LnBkZgAAAAAAAAAAAAAAAAAAAAAAAAAAAAAAAAAAAAAAAAAAAAAAAAAAAAAAAAAAAAAAAAAA/////wAAAAAAAAAAAAAAAAADAAQAAAogY3UAAAAAAAAAAAAAAAAAClJlZmVyZW5jZXMAAgA1LzpVc2VyczpzbWl0aHM6V29yazpSZXNlYXJjaDpSZWZlcmVuY2VzOlNlZ2FsMjAwOC5wZGYAAA4AHAANAFMAZQBnAGEAbAAyADAAMAA4AC4AcABkAGYADwAaAAwATQBhAGMAaQBuAHQAbwBzAGgAIABIAEQAEgAzVXNlcnMvc21pdGhzL1dvcmsvUmVzZWFyY2gvUmVmZXJlbmNlcy9TZWdhbDIwMDgucGRmAAATAAEvAAAVAAIADf//AAAACAANABoAJABWAAAAAAAAAgEAAAAAAAAABQAAAAAAAAAAAAAAAAAAAb4=},
	Bdsk-Url-1 = {http://secse08.cs.ua.edu/schedule.htm}}

@inproceedings{Segal2007,
	Address = {Washington, DC, USA},
	Author = {Judith Segal},
	Booktitle = {VLHCC '07: Proceedings of the IEEE Symposium on Visual Languages and Human-Centric Computing},
	Date-Added = {2017-09-05 02:24:33 +0000},
	Date-Modified = {2017-09-05 02:24:33 +0000},
	Doi = {http://dx.doi.org/10.1109/VLHCC.2007.50},
	Isbn = {0-7695-2987-9},
	Local-Url = {file://localhost/Users/smiths/LongTermArchives/Work/Research/References/SciCompAndSoftEng/Segal2007.pdf},
	Pages = {111--118},
	Publisher = {IEEE Computer Society},
	Title = {Some Problems of Professional End User Developers},
	Year = {2007},
	Bdsk-File-1 = {YnBsaXN0MDDSAQIDBFxyZWxhdGl2ZVBhdGhZYWxpYXNEYXRhXVNlZ2FsMjAwNy5wZGZPEQF4AAAAAAF4AAIAAAxNYWNpbnRvc2ggSEQAAAAAAAAAAAAAAAAAAAAAAAAAQkQAAf////8NU2VnYWwyMDA3LnBkZgAAAAAAAAAAAAAAAAAAAAAAAAAAAAAAAAAAAAAAAAAAAAAAAAAAAAAAAAAAAAAAAAAA/////wAAAAAAAAAAAAAAAAABAAIAAAogY3UAAAAAAAAAAAAAAAAAEVJlZmVyZW5jZU1hdGVyaWFsAAACADsvOlVzZXJzOnNtaXRoczpSZXBvczpjYXM3NDE6UmVmZXJlbmNlTWF0ZXJpYWw6U2VnYWwyMDA3LnBkZgAADgAcAA0AUwBlAGcAYQBsADIAMAAwADcALgBwAGQAZgAPABoADABNAGEAYwBpAG4AdABvAHMAaAAgAEgARAASADlVc2Vycy9zbWl0aHMvUmVwb3MvY2FzNzQxL1JlZmVyZW5jZU1hdGVyaWFsL1NlZ2FsMjAwNy5wZGYAABMAAS8AABUAAgAN//8AAAAIAA0AGgAkADIAAAAAAAACAQAAAAAAAAAFAAAAAAAAAAAAAAAAAAABrg==},
	Bdsk-Url-1 = {http://dx.doi.org/10.1109/VLHCC.2007.50}}

@inproceedings{Segal2007_Dagsthul,
	Author = {Judith Segal},
	Booktitle = {Dagstuhl Seminar Proceedings 07081, End-User Software Engineering},
	Date-Added = {2017-09-05 02:24:30 +0000},
	Date-Modified = {2017-09-05 02:24:30 +0000},
	Local-Url = {/Users/smiths/LongTermArchives/Work/Research/References/SciCompAndSoftEng/Segal2007_Dagstuhl.pdf},
	Title = {End-User Software Engineering and Professional End-User Developers},
	Url = {http://drops.dagstuhl.de/opus/volltexte/2007/1095},
	Year = {2007},
	Bdsk-File-1 = {YnBsaXN0MDDSAQIDBFxyZWxhdGl2ZVBhdGhZYWxpYXNEYXRhXxAWU2VnYWwyMDA3X0RhZ3N0dWhsLnBkZk8RAZoAAAAAAZoAAgAADE1hY2ludG9zaCBIRAAAAAAAAAAAAAAAAAAAAAAAAABCRAAB/////xZTZWdhbDIwMDdfRGFnc3R1aGwucGRmAAAAAAAAAAAAAAAAAAAAAAAAAAAAAAAAAAAAAAAAAAAAAAAAAAAAAAD/////AAAAAAAAAAAAAAAAAAEAAgAACiBjdQAAAAAAAAAAAAAAAAARUmVmZXJlbmNlTWF0ZXJpYWwAAAIARC86VXNlcnM6c21pdGhzOlJlcG9zOmNhczc0MTpSZWZlcmVuY2VNYXRlcmlhbDpTZWdhbDIwMDdfRGFnc3R1aGwucGRmAA4ALgAWAFMAZQBnAGEAbAAyADAAMAA3AF8ARABhAGcAcwB0AHUAaABsAC4AcABkAGYADwAaAAwATQBhAGMAaQBuAHQAbwBzAGgAIABIAEQAEgBCVXNlcnMvc21pdGhzL1JlcG9zL2Nhczc0MS9SZWZlcmVuY2VNYXRlcmlhbC9TZWdhbDIwMDdfRGFnc3R1aGwucGRmABMAAS8AABUAAgAN//8AAAAIAA0AGgAkAD0AAAAAAAACAQAAAAAAAAAFAAAAAAAAAAAAAAAAAAAB2w==},
	Bdsk-Url-1 = {http://drops.dagstuhl.de/opus/volltexte/2007/1095}}

@article{ParnasAndClements1986,
	Author = {David L. Parnas and P.C. Clements},
	Date-Added = {2017-09-05 02:24:22 +0000},
	Date-Modified = {2017-09-05 02:24:22 +0000},
	Journal = {IEEE Transactions on Software Engineering},
	Month = {February},
	Number = {2},
	Pages = {251--257},
	Title = {A Rational Design Process: How and Why to Fake it},
	Volume = {12},
	Year = {1986},
	Bdsk-File-1 = {YnBsaXN0MDDSAQIDBFxyZWxhdGl2ZVBhdGhZYWxpYXNEYXRhXxA7Li4vLi4vLi4vV29yay9SZXNlYXJjaC9SZWZlcmVuY2VzL1Bhcm5hc0FuZENsZW1lbnRzMTk4Ni5wZGZPEQGUAAAAAAGUAAIAAAxNYWNpbnRvc2ggSEQAAAAAAAAAAAAAAAAAAAAAAAAAQkQAAf////8ZUGFybmFzQW5kQ2xlbWVudHMxOTg2LnBkZgAAAAAAAAAAAAAAAAAAAAAAAAAAAAAAAAAAAAAAAAAAAAAAAAAA/////wAAAAAAAAAAAAAAAAADAAQAAAogY3UAAAAAAAAAAAAAAAAAClJlZmVyZW5jZXMAAgBBLzpVc2VyczpzbWl0aHM6V29yazpSZXNlYXJjaDpSZWZlcmVuY2VzOlBhcm5hc0FuZENsZW1lbnRzMTk4Ni5wZGYAAA4ANAAZAFAAYQByAG4AYQBzAEEAbgBkAEMAbABlAG0AZQBuAHQAcwAxADkAOAA2AC4AcABkAGYADwAaAAwATQBhAGMAaQBuAHQAbwBzAGgAIABIAEQAEgA/VXNlcnMvc21pdGhzL1dvcmsvUmVzZWFyY2gvUmVmZXJlbmNlcy9QYXJuYXNBbmRDbGVtZW50czE5ODYucGRmAAATAAEvAAAVAAIADf//AAAACAANABoAJABiAAAAAAAAAgEAAAAAAAAABQAAAAAAAAAAAAAAAAAAAfo=}}

@book{GhezziEtAl2003,
	Address = {Upper Saddle River, NJ, USA},
	Author = {Carlo Ghezzi and Mehdi Jazayeri and Dino Mandrioli},
	Date-Added = {2017-09-05 02:24:05 +0000},
	Date-Modified = {2017-09-05 02:24:05 +0000},
	Edition = {2nd},
	Keywords = {software engineering},
	Publisher = {Prentice Hall},
	Title = {Fundamentals of Software Engineering},
	Year = {2003}}

@article{JanickiAndKhedri2001,
	Author = {R. Janicki and R. Khedri},
	Date-Added = {2017-09-05 02:24:00 +0000},
	Date-Modified = {2017-09-05 02:24:00 +0000},
	Journal = {Science of Computer Programming},
	Number = {2-3},
	Pages = {189-213},
	Title = {On a formal semantics of tabular expression},
	Volume = {39},
	Year = {2001}}

@article{DesharnaisEtAl2004,
	Author = {Jules Desharnais and Ridha Khedri and Ali Mili},
	Date-Added = {2017-09-05 02:23:52 +0000},
	Date-Modified = {2017-09-05 02:23:52 +0000},
	Journal = {Formal Methods in System Design},
	Note = {To appear},
	Pages = {40},
	Title = {Representation, Validation and Integration of Scenarios Using Tabular Expressions},
	Year = {2004}}

@inbook{RobertsonAndRobertson1999Vol,
	Address = {New York, NY, USA},
	Author = {Suzanne Robertson and James Robertson},
	Chapter = {Volere Requirements Specification Template},
	Date-Added = {2017-09-05 02:23:44 +0000},
	Date-Modified = {2017-09-05 02:23:44 +0000},
	Pages = {353--391},
	Publisher = {ACM Press/Addison-Wesley Publishing Co},
	Title = {Mastering the Requirements Process},
	Year = {1999}}

@book{IEEE2000_ThayerAndDorfman,
	Author = {{The Institute of Electrical and Electronics Engineers, Inc.}},
	Date-Added = {2017-09-05 02:23:00 +0000},
	Date-Modified = {2017-09-05 02:23:00 +0000},
	Edition = {2nd},
	Editor = {Richard H. Thayer and Merlin Dorfman},
	Publisher = {{IEEE} Computer Society Press},
	Title = {Software Requirements Engineering},
	Year = {2000}}

@book{IEEE2000,
	Date-Added = {2017-09-05 02:22:55 +0000},
	Date-Modified = {2017-09-05 02:22:55 +0000},
	Edition = {2nd},
	Editor = {R. H. Thayer and M. Dorfman},
	Publisher = {IEEE Computer Society, Washington, DC, USA},
	Title = {IEEE Recommended Practice for Software Requirements Specifications},
	Year = {2000}}

@article{IEEE1998,
	Author = {IEEE},
	Date-Added = {2017-09-05 02:22:45 +0000},
	Date-Modified = {2017-09-05 02:22:45 +0000},
	Doi = {10.1109/IEEESTD.1998.88286},
	Journal = {IEEE Std 830-1998},
	Keywords = {formal specification;IEEE Std 830-1998;IEEE recommended practice;IEEE/EIA Std 12207.1-1997;commercial software product selection;contracts;customers;guidelines;in-house software product selection;prototyping;software development;software requirements specification;standards compliance;suppliers;system requirements specifications;Software requirements and specifications;contract;customer;prototyping;software requirements specification;supplier;system requirements specifications},
	Month = {Oct},
	Pages = {1-40},
	Title = {Recommended Practice for Software Requirements Specifications},
	Year = {1998},
	Bdsk-File-1 = {YnBsaXN0MDDSAQIDBFxyZWxhdGl2ZVBhdGhZYWxpYXNEYXRhXxATSUVFRVN0ZDgzMC0xOTk4LnBkZk8RAZAAAAAAAZAAAgAADE1hY2ludG9zaCBIRAAAAAAAAAAAAAAAAAAAAAAAAABCRAAB/////xNJRUVFU3RkODMwLTE5OTgucGRmAAAAAAAAAAAAAAAAAAAAAAAAAAAAAAAAAAAAAAAAAAAAAAAAAAAAAAAAAAD/////AAAAAAAAAAAAAAAAAAEAAgAACiBjdQAAAAAAAAAAAAAAAAARUmVmZXJlbmNlTWF0ZXJpYWwAAAIAQS86VXNlcnM6c21pdGhzOlJlcG9zOmNhczc0MTpSZWZlcmVuY2VNYXRlcmlhbDpJRUVFU3RkODMwLTE5OTgucGRmAAAOACgAEwBJAEUARQBFAFMAdABkADgAMwAwAC0AMQA5ADkAOAAuAHAAZABmAA8AGgAMAE0AYQBjAGkAbgB0AG8AcwBoACAASABEABIAP1VzZXJzL3NtaXRocy9SZXBvcy9jYXM3NDEvUmVmZXJlbmNlTWF0ZXJpYWwvSUVFRVN0ZDgzMC0xOTk4LnBkZgAAEwABLwAAFQACAA3//wAAAAgADQAaACQAOgAAAAAAAAIBAAAAAAAAAAUAAAAAAAAAAAAAAAAAAAHO},
	Bdsk-Url-1 = {http://dx.doi.org/10.1109/IEEESTD.1998.88286}}

@inproceedings{SmithAndLai2005,
	Address = {Paris, France},
	Author = {W. Spencer Smith and Lei Lai},
	Booktitle = {Proceedings of the First International Workshop on Situational Requirements Engineering Processes -- Methods, Techniques and Tools to Support Situation-Specific Requirements Engineering Processes, SREP'05},
	Date-Added = {2017-09-05 02:21:52 +0000},
	Date-Modified = {2017-09-05 02:21:52 +0000},
	Editor = {J. Ralyt\'{e} and P. \.{A}gerfalk and N. Kraiem},
	Local-Url = {file://localhost/Users/smiths/Work/Research/Papers/SREP05/SREP05_ReformatAndRevise/SmithAndLai_2005.pdf},
	Organization = {In conjunction with 13th IEEE International Requirements Engineering Conference},
	Pages = {107--121},
	Title = {A New Requirements Template for Scientific Computing},
	Year = {2005},
	Bdsk-File-1 = {YnBsaXN0MDDSAQIDBFxyZWxhdGl2ZVBhdGhZYWxpYXNEYXRhXxBSLi4vLi4vLi4vV29yay9SZXNlYXJjaC9QYXBlcnMvU1JFUDA1L1NSRVAwNV9SZWZvcm1hdEFuZFJldmlzZS9TbWl0aEFuZExhaV8yMDA1LnBkZk8RAcQAAAAAAcQAAgAADE1hY2ludG9zaCBIRAAAAAAAAAAAAAAAAAAAAAAAAABCRAAB/////xRTbWl0aEFuZExhaV8yMDA1LnBkZgAAAAAAAAAAAAAAAAAAAAAAAAAAAAAAAAAAAAAAAAAAAAAAAAAAAAAAAAD/////AAAAAAAAAAAAAAAAAAMABgAACiBjdQAAAAAAAAAAAAAAAAAYU1JFUDA1X1JlZm9ybWF0QW5kUmV2aXNlAAIAWC86VXNlcnM6c21pdGhzOldvcms6UmVzZWFyY2g6UGFwZXJzOlNSRVAwNTpTUkVQMDVfUmVmb3JtYXRBbmRSZXZpc2U6U21pdGhBbmRMYWlfMjAwNS5wZGYADgAqABQAUwBtAGkAdABoAEEAbgBkAEwAYQBpAF8AMgAwADAANQAuAHAAZABmAA8AGgAMAE0AYQBjAGkAbgB0AG8AcwBoACAASABEABIAVlVzZXJzL3NtaXRocy9Xb3JrL1Jlc2VhcmNoL1BhcGVycy9TUkVQMDUvU1JFUDA1X1JlZm9ybWF0QW5kUmV2aXNlL1NtaXRoQW5kTGFpXzIwMDUucGRmABMAAS8AABUAAgAN//8AAAAIAA0AGgAkAHkAAAAAAAACAQAAAAAAAAAFAAAAAAAAAAAAAAAAAAACQQ==}}

@inproceedings{SmithEtAl2004,
	Address = {Savannah, Georgia},
	Author = {W. Spencer Smith and Lei Lai and Ridha Khedri},
	Booktitle = {Proceedings of the NSF Workshop on Reliable Engineering Computing},
	Date-Added = {2017-09-05 02:21:40 +0000},
	Date-Modified = {2017-09-05 02:21:40 +0000},
	Editor = {R. Muhanna and R. Mullen},
	Pages = {29--51},
	Title = {Requirements Analysis for Engineering Computation},
	Year = {2004}}

@mastersthesis{Lai2004,
	Author = {Lei Lai},
	Date-Added = {2017-09-05 02:21:22 +0000},
	Date-Modified = {2017-09-05 02:21:22 +0000},
	School = {McMaster University, Hamilton, Ontario, Canada},
	Title = {Requirements Documentation for Engineering Mechanics Software: Guidelines, Template and a Case Study},
	Year = {2004}}
